{"tid": 12142407, "date": 1635155755, "type": "buy", "price": 355000, "amount": 0.00093622}
{"tid": 12142408, "date": 1635155755, "type": "buy", "price": 355000, "amount": 0.00280599}
{"tid": 12142409, "date": 1635155764, "type": "buy", "price": 355000, "amount": 0.00201081}
{"tid": 12142410, "date": 1635155801, "type": "buy", "price": 355000, "amount": 0.00053388}
{"tid": 12142411, "date": 1635155801, "type": "buy", "price": 355000, "amount": 0.00430934}
{"tid": 12142412, "date": 1635155801, "type": "buy", "price": 355000, "amount": 0.0007423}
{"tid": 12142413, "date": 1635155801, "type": "buy", "price": 355000, "amount": 0.02058445}
{"tid": 12142414, "date": 1635155801, "type": "buy", "price": 355000, "amount": 0.00067333}
{"tid": 12142415, "date": 1635155801, "type": "buy", "price": 355000, "amount": 0.00047303}
{"tid": 12142416, "date": 1635155808, "type": "buy", "price": 355000, "amount": 0.00286008}
{"tid": 12142417, "date": 1635155827, "type": "buy", "price": 355000, "amount": 7.507e-05}
{"tid": 12142418, "date": 1635155829, "type": "sell", "price": 354999.9999, "amount": 0.00034731}
{"tid": 12142419, "date": 1635155833, "type": "buy", "price": 355000, "amount": 0.00633802}
{"tid": 12142420, "date": 1635155840, "type": "buy", "price": 355000, "amount": 0.00218471}
{"tid": 12142421, "date": 1635155840, "type": "buy", "price": 355000, "amount": 0.00653085}
{"tid": 12142422, "date": 1635155840, "type": "buy", "price": 355000, "amount": 0.0012916}
{"tid": 12142423, "date": 1635155846, "type": "buy", "price": 355000, "amount": 0.0028736}
{"tid": 12142424, "date": 1635155847, "type": "buy", "price": 355000, "amount": 0.00513571}
{"tid": 12142425, "date": 1635155864, "type": "sell", "price": 354999.9999, "amount": 0.00021911}
{"tid": 12142426, "date": 1635155865, "type": "buy", "price": 355000, "amount": 0.00028822}
{"tid": 12142427, "date": 1635155872, "type": "buy", "price": 355000, "amount": 0.03041087}
{"tid": 12142428, "date": 1635155872, "type": "buy", "price": 355000, "amount": 0.0078873}
{"tid": 12142429, "date": 1635155872, "type": "buy", "price": 355000.05, "amount": 5.657e-05}
{"tid": 12142430, "date": 1635155885, "type": "buy", "price": 355000.04999, "amount": 7.647e-05}
{"tid": 12142431, "date": 1635155896, "type": "buy", "price": 355000.04999, "amount": 0.0005534}
{"tid": 12142432, "date": 1635155914, "type": "sell", "price": 355000, "amount": 0.00121533}
{"tid": 12142433, "date": 1635155938, "type": "buy", "price": 355000.04999, "amount": 0.01009586}
{"tid": 12142434, "date": 1635155951, "type": "buy", "price": 355000.04999, "amount": 0.00457542}
{"tid": 12142435, "date": 1635155951, "type": "buy", "price": 355000.05, "amount": 0.00387529}
{"tid": 12142436, "date": 1635155960, "type": "buy", "price": 355000.05, "amount": 0.00013695}
{"tid": 12142437, "date": 1635155981, "type": "buy", "price": 355000.05, "amount": 0.00197183}
{"tid": 12142438, "date": 1635155981, "type": "sell", "price": 355000, "amount": 0.00816}
{"tid": 12142439, "date": 1635155996, "type": "sell", "price": 355000, "amount": 0.05568478}
{"tid": 12142440, "date": 1635155996, "type": "sell", "price": 355000, "amount": 0.00473766}
{"tid": 12142441, "date": 1635156026, "type": "sell", "price": 355000, "amount": 0.00032566}
{"tid": 12142442, "date": 1635156053, "type": "sell", "price": 355000, "amount": 0.00309381}
{"tid": 12142443, "date": 1635156064, "type": "buy", "price": 355000.05, "amount": 0.00023898}
{"tid": 12142444, "date": 1635156068, "type": "sell", "price": 355000, "amount": 0.0006}
{"tid": 12142445, "date": 1635156080, "type": "buy", "price": 355000.05, "amount": 3.661e-05}
{"tid": 12142446, "date": 1635156096, "type": "sell", "price": 355000, "amount": 6.439e-05}
{"tid": 12142447, "date": 1635156112, "type": "sell", "price": 355000, "amount": 0.00157115}
{"tid": 12142448, "date": 1635156117, "type": "buy", "price": 355000.05, "amount": 0.0016338}
{"tid": 12142449, "date": 1635156155, "type": "buy", "price": 355000.05, "amount": 0.00204997}
{"tid": 12142450, "date": 1635156155, "type": "buy", "price": 355000.1, "amount": 0.00072311}
{"tid": 12142451, "date": 1635156155, "type": "buy", "price": 355096.87, "amount": 2.932e-05}
{"tid": 12142452, "date": 1635156155, "type": "buy", "price": 355199, "amount": 0.0006}
{"tid": 12142453, "date": 1635156155, "type": "buy", "price": 355258.85, "amount": 0.00041082}
{"tid": 12142454, "date": 1635156155, "type": "buy", "price": 355260.35, "amount": 0.00123458}
{"tid": 12142455, "date": 1635156155, "type": "buy", "price": 355302.62, "amount": 0.00014494}
{"tid": 12142456, "date": 1635156155, "type": "buy", "price": 355411.59341, "amount": 0.00014369}
{"tid": 12142457, "date": 1635156155, "type": "buy", "price": 355420.98, "amount": 0.00141596}
{"tid": 12142458, "date": 1635156155, "type": "buy", "price": 355432.69, "amount": 0.00142882}
{"tid": 12142459, "date": 1635156178, "type": "buy", "price": 355432.68956, "amount": 0.0015474}
{"tid": 12142460, "date": 1635156181, "type": "buy", "price": 355432.68996, "amount": 0.00535094}
{"tid": 12142461, "date": 1635156192, "type": "sell", "price": 355040.10442, "amount": 0.0003}
{"tid": 12142462, "date": 1635156192, "type": "sell", "price": 355040.10441, "amount": 0.0027293}
{"tid": 12142463, "date": 1635156218, "type": "sell", "price": 355432.6799, "amount": 0.11163968}
{"tid": 12142464, "date": 1635156229, "type": "sell", "price": 355432.6799, "amount": 2.504e-05}
{"tid": 12142465, "date": 1635156244, "type": "buy", "price": 355432.68893, "amount": 3.55e-05}
{"tid": 12142466, "date": 1635156249, "type": "sell", "price": 355432.6799, "amount": 0.00028555}
{"tid": 12142467, "date": 1635156257, "type": "buy", "price": 355432.68893, "amount": 0.00104796}
{"tid": 12142468, "date": 1635156260, "type": "buy", "price": 355432.68893, "amount": 0.00060999}
{"tid": 12142469, "date": 1635156260, "type": "buy", "price": 355432.69, "amount": 0.00155498}
{"tid": 12142470, "date": 1635156260, "type": "buy", "price": 355432.69, "amount": 0.00349303}
{"tid": 12142471, "date": 1635156272, "type": "buy", "price": 355432.68, "amount": 0.00033306}
{"tid": 12142472, "date": 1635156272, "type": "buy", "price": 355432.69, "amount": 0.00248041}
{"tid": 12142473, "date": 1635156286, "type": "buy", "price": 355432.69, "amount": 0.0042202}
{"tid": 12142474, "date": 1635156298, "type": "buy", "price": 355432.69, "amount": 0.00028134}
{"tid": 12142475, "date": 1635156309, "type": "buy", "price": 355432.69, "amount": 0.00844041}
{"tid": 12142476, "date": 1635156328, "type": "sell", "price": 355432.6799, "amount": 0.01582343}
{"tid": 12142477, "date": 1635156372, "type": "buy", "price": 355432.69, "amount": 0.00281347}
{"tid": 12142478, "date": 1635156373, "type": "sell", "price": 355432.6799, "amount": 0.00014119}
{"tid": 12142479, "date": 1635156376, "type": "buy", "price": 355432.69, "amount": 0.00031322}
{"tid": 12142480, "date": 1635156395, "type": "sell", "price": 355432.6799, "amount": 0.00034866}
{"tid": 12142481, "date": 1635156409, "type": "sell", "price": 355432.6799, "amount": 0.00016777}
{"tid": 12142482, "date": 1635156414, "type": "sell", "price": 355432.6799, "amount": 0.0002}
{"tid": 12142483, "date": 1635156427, "type": "sell", "price": 355432.6799, "amount": 0.055}
{"tid": 12142484, "date": 1635156450, "type": "buy", "price": 355432.69, "amount": 0.00014067}
{"tid": 12142485, "date": 1635156453, "type": "sell", "price": 355432.67991, "amount": 0.00455334}
{"tid": 12142486, "date": 1635156478, "type": "buy", "price": 355432.69, "amount": 0.02181725}
{"tid": 12142487, "date": 1635156478, "type": "buy", "price": 355432.69, "amount": 0.00014411}
{"tid": 12142488, "date": 1635156478, "type": "buy", "price": 355500, "amount": 0.00227215}
{"tid": 12142489, "date": 1635156478, "type": "buy", "price": 355500, "amount": 0.00011517}
{"tid": 12142490, "date": 1635156478, "type": "buy", "price": 355500, "amount": 0.00143}
{"tid": 12142491, "date": 1635156478, "type": "buy", "price": 355600, "amount": 0.00235421}
{"tid": 12142492, "date": 1635156512, "type": "sell", "price": 355435.30999, "amount": 0.00080822}
{"tid": 12142493, "date": 1635156517, "type": "buy", "price": 355599.99973, "amount": 0.02936681}
{"tid": 12142494, "date": 1635156523, "type": "sell", "price": 355436.362, "amount": 3.41e-05}
{"tid": 12142495, "date": 1635156569, "type": "sell", "price": 355437.94005, "amount": 0.00019786}
{"tid": 12142496, "date": 1635156585, "type": "buy", "price": 355599.99982, "amount": 0.00225967}
{"tid": 12142497, "date": 1635156590, "type": "sell", "price": 355439.51806, "amount": 0.00541871}
{"tid": 12142498, "date": 1635156598, "type": "buy", "price": 355599.99974, "amount": 0.00017575}
{"tid": 12142499, "date": 1635156604, "type": "buy", "price": 355599.99974, "amount": 0.00593523}
{"tid": 12142500, "date": 1635156618, "type": "sell", "price": 355441.62208, "amount": 0.00755802}
{"tid": 12142501, "date": 1635156623, "type": "sell", "price": 355442.14809, "amount": 4.92e-05}
{"tid": 12142502, "date": 1635156635, "type": "buy", "price": 355599.99986, "amount": 0.00896524}
{"tid": 12142503, "date": 1635156649, "type": "buy", "price": 355599.99978, "amount": 0.00615306}
{"tid": 12142504, "date": 1635156661, "type": "sell", "price": 355444.25213, "amount": 0.00283076}
{"tid": 12142505, "date": 1635156681, "type": "buy", "price": 355599.99997, "amount": 0.03239746}
{"tid": 12142506, "date": 1635156712, "type": "sell", "price": 355446.88218, "amount": 0.00026911}
{"tid": 12142507, "date": 1635156742, "type": "buy", "price": 355599.9998, "amount": 0.01030922}
{"tid": 12142508, "date": 1635156742, "type": "buy", "price": 355599.99997, "amount": 0.00896684}
{"tid": 12142509, "date": 1635156763, "type": "buy", "price": 355599.99997, "amount": 0.00225967}
{"tid": 12142510, "date": 1635156765, "type": "buy", "price": 355599.99997, "amount": 0.00084364}
{"tid": 12142511, "date": 1635156788, "type": "buy", "price": 355599.98997, "amount": 0.00283852}
{"tid": 12142512, "date": 1635156790, "type": "buy", "price": 355599.98997, "amount": 0.00064763}
{"tid": 12142513, "date": 1635156792, "type": "sell", "price": 355451.6163, "amount": 0.0004}
{"tid": 12142514, "date": 1635156851, "type": "sell", "price": 355501.05202, "amount": 0.00035591}
{"tid": 12142515, "date": 1635156852, "type": "buy", "price": 355599.99, "amount": 0.00023903}
{"tid": 12142516, "date": 1635156854, "type": "sell", "price": 355501.05203, "amount": 0.00145424}
{"tid": 12142517, "date": 1635156860, "type": "buy", "price": 355599.99, "amount": 4.838e-05}
{"tid": 12142518, "date": 1635156860, "type": "buy", "price": 355600, "amount": 0.00021126}
{"tid": 12142519, "date": 1635156869, "type": "sell", "price": 355502.10403, "amount": 2.812e-05}
{"tid": 12142520, "date": 1635156882, "type": "buy", "price": 355600, "amount": 0.0007874}
{"tid": 12142521, "date": 1635156899, "type": "sell", "price": 355503.68205, "amount": 0.00720318}
{"tid": 12142522, "date": 1635156903, "type": "buy", "price": 355600, "amount": 0.00264713}
{"tid": 12142523, "date": 1635156903, "type": "buy", "price": 355756.99, "amount": 0.00016494}
{"tid": 12142524, "date": 1635156921, "type": "buy", "price": 355756.99, "amount": 0.00016698}
{"tid": 12142525, "date": 1635156921, "type": "buy", "price": 355800, "amount": 2e-05}
{"tid": 12142526, "date": 1635156921, "type": "buy", "price": 355832.68, "amount": 0.00206577}
{"tid": 12142527, "date": 1635156921, "type": "buy", "price": 355899.99999, "amount": 0.00868381}
{"tid": 12142528, "date": 1635156921, "type": "buy", "price": 355900, "amount": 0.007}
{"tid": 12142529, "date": 1635156921, "type": "buy", "price": 355999.9999, "amount": 0.00028526}
{"tid": 12142530, "date": 1635156921, "type": "buy", "price": 356000, "amount": 0.00057892}
{"tid": 12142531, "date": 1635156921, "type": "buy", "price": 356000, "amount": 0.0009}
{"tid": 12142532, "date": 1635156921, "type": "buy", "price": 356000, "amount": 0.0028062}
{"tid": 12142533, "date": 1635156921, "type": "buy", "price": 356000, "amount": 0.0007594}
{"tid": 12142534, "date": 1635156921, "type": "buy", "price": 356000, "amount": 2.051e-05}
{"tid": 12142535, "date": 1635156921, "type": "buy", "price": 356000, "amount": 0.00028534}
{"tid": 12142536, "date": 1635156921, "type": "buy", "price": 356000, "amount": 0.00134519}
{"tid": 12142537, "date": 1635156921, "type": "buy", "price": 356000, "amount": 0.00173398}
{"tid": 12142538, "date": 1635156921, "type": "buy", "price": 356000, "amount": 0.0013884}
{"tid": 12142539, "date": 1635156921, "type": "buy", "price": 356000, "amount": 0.000997}
{"tid": 12142540, "date": 1635156921, "type": "buy", "price": 356000, "amount": 0.0024}
{"tid": 12142541, "date": 1635156921, "type": "buy", "price": 356000, "amount": 0.01433242}
{"tid": 12142542, "date": 1635156921, "type": "buy", "price": 356000, "amount": 0.00014055}
{"tid": 12142543, "date": 1635156921, "type": "buy", "price": 356000, "amount": 0.005}
{"tid": 12142544, "date": 1635156921, "type": "buy", "price": 356000, "amount": 0.00010541}
{"tid": 12142545, "date": 1635156921, "type": "buy", "price": 356000, "amount": 0.0017}
{"tid": 12142546, "date": 1635156921, "type": "buy", "price": 356000, "amount": 0.003}
{"tid": 12142547, "date": 1635156921, "type": "buy", "price": 356100, "amount": 0.0029919}
{"tid": 12142548, "date": 1635156921, "type": "buy", "price": 356287.674, "amount": 0.00141257}
{"tid": 12142549, "date": 1635156921, "type": "buy", "price": 356287.674, "amount": 0.00037122}
{"tid": 12142550, "date": 1635156921, "type": "buy", "price": 356355.08059, "amount": 0.00224728}
{"tid": 12142551, "date": 1635156921, "type": "buy", "price": 356400.74, "amount": 0.00544347}
{"tid": 12142552, "date": 1635156921, "type": "buy", "price": 356432.68, "amount": 0.00164066}
{"tid": 12142553, "date": 1635156921, "type": "buy", "price": 356498.63, "amount": 0.0028897}
{"tid": 12142554, "date": 1635156921, "type": "buy", "price": 356500, "amount": 0.00010103}
{"tid": 12142555, "date": 1635156921, "type": "buy", "price": 356517.0882, "amount": 0.00097022}
{"tid": 12142556, "date": 1635156921, "type": "buy", "price": 356556.79455, "amount": 0.00096236}
{"tid": 12142557, "date": 1635156921, "type": "buy", "price": 356583.934, "amount": 0.02771}
{"tid": 12142558, "date": 1635156921, "type": "buy", "price": 356584.46, "amount": 0.00843174}
{"tid": 12142559, "date": 1635156921, "type": "buy", "price": 356587.14217, "amount": 0.00044869}
{"tid": 12142560, "date": 1635156921, "type": "buy", "price": 356711.74467, "amount": 0.00047582}
{"tid": 12142561, "date": 1635156921, "type": "buy", "price": 356713.86502, "amount": 0.00047965}
{"tid": 12142562, "date": 1635156921, "type": "buy", "price": 356724.88984, "amount": 0.00023053}
{"tid": 12142563, "date": 1635156921, "type": "buy", "price": 356727.01027, "amount": 0.00023237}
{"tid": 12142564, "date": 1635156921, "type": "buy", "price": 356772.86104, "amount": 0.00036929}
{"tid": 12142565, "date": 1635156921, "type": "buy", "price": 356774.98176, "amount": 0.00037226}
{"tid": 12142566, "date": 1635156921, "type": "buy", "price": 356800, "amount": 0.003}
{"tid": 12142567, "date": 1635156921, "type": "buy", "price": 356800, "amount": 0.00419569}
{"tid": 12142568, "date": 1635156949, "type": "buy", "price": 356799.47398, "amount": 0.00035}
{"tid": 12142569, "date": 1635156949, "type": "buy", "price": 356799.99998, "amount": 0.01297626}
{"tid": 12142570, "date": 1635156955, "type": "buy", "price": 356799.99998, "amount": 0.00014719}
{"tid": 12142571, "date": 1635156957, "type": "buy", "price": 356799.99998, "amount": 0.00280269}
{"tid": 12142572, "date": 1635156976, "type": "buy", "price": 356799.99998, "amount": 0.00600751}
{"tid": 12142573, "date": 1635156977, "type": "buy", "price": 356799.99998, "amount": 0.00049545}
{"tid": 12142574, "date": 1635156980, "type": "buy", "price": 356799.99998, "amount": 0.00280269}
{"tid": 12142575, "date": 1635156990, "type": "buy", "price": 356799.99998, "amount": 0.00362435}
{"tid": 12142576, "date": 1635156990, "type": "buy", "price": 356799.99998, "amount": 0.00921849}
{"tid": 12142577, "date": 1635157017, "type": "buy", "price": 356799.99998, "amount": 0.00013651}
{"tid": 12142578, "date": 1635157017, "type": "buy", "price": 356799.99998, "amount": 0.01539621}
{"tid": 12142579, "date": 1635157018, "type": "buy", "price": 356799.99998, "amount": 0.00221605}
{"tid": 12142580, "date": 1635157031, "type": "buy", "price": 356799.98998, "amount": 0.00916369}
{"tid": 12142581, "date": 1635157031, "type": "buy", "price": 356799.99, "amount": 0.0289062}
{"tid": 12142582, "date": 1635157038, "type": "buy", "price": 356800, "amount": 7.006e-05}
{"tid": 12142583, "date": 1635157052, "type": "buy", "price": 356800, "amount": 0.00173425}
{"tid": 12142584, "date": 1635157052, "type": "buy", "price": 356829.48501, "amount": 0.00167101}
{"tid": 12142585, "date": 1635157052, "type": "buy", "price": 356833.71407, "amount": 0.00168445}
{"tid": 12142586, "date": 1635157052, "type": "buy", "price": 356841, "amount": 0.00010806}
{"tid": 12142587, "date": 1635157052, "type": "buy", "price": 356991.66, "amount": 0.01126239}
{"tid": 12142588, "date": 1635157052, "type": "buy", "price": 357000, "amount": 0.00073959}
{"tid": 12142589, "date": 1635157052, "type": "buy", "price": 357000, "amount": 0.00319793}
{"tid": 12142590, "date": 1635157052, "type": "buy", "price": 357000, "amount": 0.01182863}
{"tid": 12142591, "date": 1635157083, "type": "buy", "price": 357000, "amount": 0.00022378}
{"tid": 12142592, "date": 1635157094, "type": "buy", "price": 357000, "amount": 0.00079831}
{"tid": 12142593, "date": 1635157095, "type": "buy", "price": 357000, "amount": 0.00718347}
{"tid": 12142594, "date": 1635157105, "type": "buy", "price": 357000, "amount": 0.00115114}
{"tid": 12142595, "date": 1635157109, "type": "buy", "price": 357000, "amount": 0.01990196}
{"tid": 12142596, "date": 1635157111, "type": "buy", "price": 357000, "amount": 0.00053207}
{"tid": 12142597, "date": 1635157111, "type": "buy", "price": 357000, "amount": 0.00261919}
{"tid": 12142598, "date": 1635157123, "type": "buy", "price": 356999.99999, "amount": 7.002e-05}
{"tid": 12142599, "date": 1635157147, "type": "buy", "price": 356999.99999, "amount": 0.01578636}
{"tid": 12142600, "date": 1635157152, "type": "buy", "price": 356999.99999, "amount": 0.00280112}
{"tid": 12142601, "date": 1635157153, "type": "buy", "price": 356999.99999, "amount": 0.015}
{"tid": 12142602, "date": 1635157158, "type": "buy", "price": 356999.99999, "amount": 0.0028}
{"tid": 12142603, "date": 1635157165, "type": "sell", "price": 356999.99, "amount": 0.00023108}
{"tid": 12142604, "date": 1635157176, "type": "buy", "price": 356999.99999, "amount": 0.00028011}
{"tid": 12142605, "date": 1635157178, "type": "sell", "price": 356999.99, "amount": 6.534e-05}
{"tid": 12142606, "date": 1635157192, "type": "buy", "price": 356999.99999, "amount": 0.0005861}
{"tid": 12142607, "date": 1635157197, "type": "buy", "price": 356999.99999, "amount": 0.00028011}
{"tid": 12142608, "date": 1635157207, "type": "sell", "price": 356999.99, "amount": 0.00088514}
{"tid": 12142609, "date": 1635157212, "type": "sell", "price": 356999.99, "amount": 0.00654402}
{"tid": 12142610, "date": 1635157227, "type": "sell", "price": 356999.99, "amount": 2e-05}
{"tid": 12142611, "date": 1635157230, "type": "buy", "price": 356999.99999, "amount": 0.0280112}
{"tid": 12142612, "date": 1635157230, "type": "buy", "price": 356999.99999, "amount": 0.00211579}
{"tid": 12142613, "date": 1635157246, "type": "buy", "price": 356999.99999, "amount": 0.00028011}
{"tid": 12142614, "date": 1635157253, "type": "sell", "price": 356999.99, "amount": 7.231e-05}
{"tid": 12142615, "date": 1635157268, "type": "buy", "price": 356999.99999, "amount": 0.00560224}
{"tid": 12142616, "date": 1635157278, "type": "buy", "price": 356999.99999, "amount": 0.04731633}
{"tid": 12142617, "date": 1635157286, "type": "sell", "price": 356999.99, "amount": 7.259e-05}
{"tid": 12142618, "date": 1635157304, "type": "sell", "price": 356999.99, "amount": 0.00018175}
{"tid": 12142619, "date": 1635157307, "type": "buy", "price": 356999.99994, "amount": 0.00524602}
{"tid": 12142620, "date": 1635157327, "type": "sell", "price": 356999.99, "amount": 0.00291}
{"tid": 12142621, "date": 1635157331, "type": "buy", "price": 356999.9999, "amount": 0.00279871}
{"tid": 12142622, "date": 1635157339, "type": "buy", "price": 356999.9999, "amount": 0.00063731}
{"tid": 12142623, "date": 1635157379, "type": "buy", "price": 356999.99982, "amount": 0.11792512}
{"tid": 12142624, "date": 1635157401, "type": "buy", "price": 356999.99978, "amount": 0.4184235}
{"tid": 12142625, "date": 1635157405, "type": "buy", "price": 356999.99978, "amount": 0.00205364}
{"tid": 12142626, "date": 1635157414, "type": "buy", "price": 356999.99999, "amount": 7.002e-05}
{"tid": 12142627, "date": 1635157414, "type": "buy", "price": 356999.99999, "amount": 0.07232717}
{"tid": 12142628, "date": 1635157415, "type": "buy", "price": 356999.99999, "amount": 0.00735952}
{"tid": 12142629, "date": 1635157419, "type": "sell", "price": 356999.99, "amount": 0.00999999}
{"tid": 12142630, "date": 1635157442, "type": "sell", "price": 356999.99, "amount": 0.00228697}
{"tid": 12142631, "date": 1635157447, "type": "sell", "price": 356999.99, "amount": 0.00014192}
{"tid": 12142632, "date": 1635157451, "type": "buy", "price": 356999.99971, "amount": 0.00012392}
{"tid": 12142633, "date": 1635157470, "type": "buy", "price": 356999.99967, "amount": 0.00564386}
{"tid": 12142634, "date": 1635157476, "type": "sell", "price": 356999.99, "amount": 0.00011536}
{"tid": 12142635, "date": 1635157480, "type": "buy", "price": 356999.99966, "amount": 0.00246753}
{"tid": 12142636, "date": 1635157489, "type": "sell", "price": 356999.99, "amount": 0.0054}
{"tid": 12142637, "date": 1635157498, "type": "buy", "price": 356999.99964, "amount": 0.00913983}
{"tid": 12142638, "date": 1635157510, "type": "buy", "price": 356999.99963, "amount": 2.939e-05}
{"tid": 12142639, "date": 1635157515, "type": "sell", "price": 356999.99, "amount": 0.0007944}
{"tid": 12142640, "date": 1635157518, "type": "buy", "price": 356999.99999, "amount": 0.00014478}
{"tid": 12142641, "date": 1635157521, "type": "sell", "price": 356999.99, "amount": 0.0042}
{"tid": 12142642, "date": 1635157531, "type": "buy", "price": 356999.99998, "amount": 0.01490078}
{"tid": 12142643, "date": 1635157543, "type": "sell", "price": 356999.99, "amount": 0.00018314}
{"tid": 12142644, "date": 1635157549, "type": "buy", "price": 356999.99999, "amount": 0.00014005}
{"tid": 12142645, "date": 1635157557, "type": "buy", "price": 356999.99999, "amount": 0.00280112}
{"tid": 12142646, "date": 1635157587, "type": "sell", "price": 356999.99, "amount": 0.00013807}
{"tid": 12142647, "date": 1635157610, "type": "sell", "price": 356999.99, "amount": 0.00040068}
{"tid": 12142648, "date": 1635157629, "type": "sell", "price": 356999.99, "amount": 0.0046125}
{"tid": 12142649, "date": 1635157658, "type": "sell", "price": 356999.99, "amount": 0.00014854}
{"tid": 12142650, "date": 1635157665, "type": "buy", "price": 356999.99999, "amount": 0.00028011}
{"tid": 12142651, "date": 1635157673, "type": "sell", "price": 356999.99, "amount": 0.00041746}
{"tid": 12142652, "date": 1635157675, "type": "sell", "price": 356999.99, "amount": 0.00023721}
{"tid": 12142653, "date": 1635157679, "type": "sell", "price": 356999.99, "amount": 0.00034}
{"tid": 12142654, "date": 1635157691, "type": "buy", "price": 356999.99999, "amount": 0.032429}
{"tid": 12142655, "date": 1635157701, "type": "sell", "price": 356999.99, "amount": 0.00028633}
{"tid": 12142656, "date": 1635157718, "type": "buy", "price": 356999.99999, "amount": 0.00032627}
{"tid": 12142657, "date": 1635157723, "type": "buy", "price": 356999.99999, "amount": 0.00028011}
{"tid": 12142658, "date": 1635157799, "type": "buy", "price": 356999.99999, "amount": 0.2174191}
{"tid": 12142659, "date": 1635157817, "type": "sell", "price": 356999.99, "amount": 0.00022884}
{"tid": 12142660, "date": 1635157821, "type": "sell", "price": 356999.99, "amount": 0.00104745}
{"tid": 12142661, "date": 1635157829, "type": "buy", "price": 356999.99999, "amount": 0.00840336}
{"tid": 12142662, "date": 1635157831, "type": "buy", "price": 356999.99999, "amount": 0.03308344}
{"tid": 12142663, "date": 1635157833, "type": "sell", "price": 356999.99, "amount": 0.0002}
{"tid": 12142664, "date": 1635157835, "type": "buy", "price": 356999.99999, "amount": 0.00014005}
{"tid": 12142665, "date": 1635157857, "type": "buy", "price": 356999.99996, "amount": 0.0005182}
{"tid": 12142666, "date": 1635157858, "type": "buy", "price": 356999.99996, "amount": 0.00168443}
{"tid": 12142667, "date": 1635157865, "type": "buy", "price": 356999.99996, "amount": 0.00263806}
{"tid": 12142668, "date": 1635157867, "type": "sell", "price": 356999.99, "amount": 0.00145417}
{"tid": 12142669, "date": 1635157874, "type": "buy", "price": 356999.99994, "amount": 0.00011436}
{"tid": 12142670, "date": 1635157881, "type": "buy", "price": 356999.99994, "amount": 0.00016806}
{"tid": 12142671, "date": 1635157887, "type": "sell", "price": 356999.99, "amount": 0.00798483}
{"tid": 12142672, "date": 1635157890, "type": "buy", "price": 356999.9999, "amount": 0.00280112}
{"tid": 12142673, "date": 1635157899, "type": "buy", "price": 356999.9999, "amount": 0.0140056}
{"tid": 12142674, "date": 1635157899, "type": "sell", "price": 356999.99, "amount": 0.09685895}
{"tid": 12142675, "date": 1635157899, "type": "sell", "price": 356999.99, "amount": 9.999e-05}
{"tid": 12142676, "date": 1635157899, "type": "sell", "price": 356999.99, "amount": 0.04426288}
{"tid": 12142677, "date": 1635157899, "type": "sell", "price": 356999.99, "amount": 3.818e-05}
{"tid": 12142678, "date": 1635157913, "type": "sell", "price": 356999.99, "amount": 0.00080215}
{"tid": 12142679, "date": 1635157913, "type": "sell", "price": 356999.99, "amount": 0.00028011}
{"tid": 12142680, "date": 1635157913, "type": "sell", "price": 356999.99, "amount": 0.00042016}
{"tid": 12142681, "date": 1635157913, "type": "sell", "price": 356999.99, "amount": 0.00188002}
{"tid": 12142682, "date": 1635157916, "type": "sell", "price": 356999.99, "amount": 0.0002}
{"tid": 12142683, "date": 1635157917, "type": "buy", "price": 356999.99986, "amount": 0.00276234}
{"tid": 12142684, "date": 1635157921, "type": "sell", "price": 356999.99, "amount": 6.937e-05}
{"tid": 12142685, "date": 1635157925, "type": "sell", "price": 356999.99, "amount": 0.0019}
{"tid": 12142686, "date": 1635157925, "type": "sell", "price": 356999.99, "amount": 0.00045061}
{"tid": 12142687, "date": 1635157925, "type": "sell", "price": 356999.99, "amount": 0.04771686}
{"tid": 12142688, "date": 1635157925, "type": "sell", "price": 356999.98, "amount": 0.00283711}
{"tid": 12142689, "date": 1635157925, "type": "sell", "price": 356999.98, "amount": 0.006}
{"tid": 12142690, "date": 1635157925, "type": "sell", "price": 356999.98, "amount": 0.00713221}
{"tid": 12142691, "date": 1635157925, "type": "sell", "price": 356999.98, "amount": 0.01981106}
{"tid": 12142692, "date": 1635157925, "type": "sell", "price": 356999.98, "amount": 8.103e-05}
{"tid": 12142693, "date": 1635157925, "type": "sell", "price": 356999.98, "amount": 0.00451246}
{"tid": 12142694, "date": 1635157939, "type": "buy", "price": 356998, "amount": 0.00251183}
{"tid": 12142695, "date": 1635157942, "type": "buy", "price": 356998, "amount": 0.00921973}
{"tid": 12142696, "date": 1635157942, "type": "buy", "price": 356999.99999, "amount": 0.12024057}
{"tid": 12142697, "date": 1635157966, "type": "buy", "price": 356997.99998, "amount": 0.1400568}
{"tid": 12142698, "date": 1635157973, "type": "sell", "price": 356900, "amount": 0.00044954}
{"tid": 12142699, "date": 1635157988, "type": "sell", "price": 356900, "amount": 0.0001349}
{"tid": 12142700, "date": 1635157994, "type": "sell", "price": 356900, "amount": 0.00012372}
{"tid": 12142701, "date": 1635157998, "type": "sell", "price": 356900, "amount": 0.00066666}
{"tid": 12142702, "date": 1635158005, "type": "buy", "price": 356997.99, "amount": 0.00140056}
{"tid": 12142703, "date": 1635158016, "type": "sell", "price": 356900, "amount": 0.00167264}
{"tid": 12142704, "date": 1635158046, "type": "buy", "price": 356997.99, "amount": 9.944e-05}
{"tid": 12142705, "date": 1635158046, "type": "buy", "price": 356999.99, "amount": 0.00088711}
{"tid": 12142706, "date": 1635158062, "type": "sell", "price": 356900, "amount": 0.00807541}
{"tid": 12142707, "date": 1635158066, "type": "sell", "price": 356900, "amount": 0.00072149}
{"tid": 12142708, "date": 1635158068, "type": "sell", "price": 356900, "amount": 0.00216564}
{"tid": 12142709, "date": 1635158068, "type": "sell", "price": 356900, "amount": 0.00222796}
{"tid": 12142710, "date": 1635158068, "type": "sell", "price": 356799.99, "amount": 0.00184087}
{"tid": 12142711, "date": 1635158076, "type": "buy", "price": 356999.99, "amount": 0.00013778}
{"tid": 12142712, "date": 1635158084, "type": "buy", "price": 356999.99, "amount": 0.00010328}
{"tid": 12142713, "date": 1635158084, "type": "buy", "price": 356999.99999, "amount": 0.00029282}
{"tid": 12142714, "date": 1635158086, "type": "buy", "price": 356999.99999, "amount": 0.06998943}
{"tid": 12142715, "date": 1635158101, "type": "buy", "price": 356999.99999, "amount": 0.00014005}
{"tid": 12142716, "date": 1635158112, "type": "sell", "price": 356799.99, "amount": 0.0012434}
{"tid": 12142717, "date": 1635158112, "type": "sell", "price": 356799.99, "amount": 0.00025}
{"tid": 12142718, "date": 1635158112, "type": "sell", "price": 356621.00001, "amount": 0.00390464}
{"tid": 12142719, "date": 1635158163, "type": "buy", "price": 356999.99998, "amount": 0.00390386}
{"tid": 12142720, "date": 1635158163, "type": "buy", "price": 357000, "amount": 0.00590006}
{"tid": 12142721, "date": 1635158165, "type": "sell", "price": 356999.99, "amount": 0.00085656}
{"tid": 12142722, "date": 1635158167, "type": "sell", "price": 356999.99, "amount": 0.0009}
{"tid": 12142723, "date": 1635158174, "type": "sell", "price": 356999.99, "amount": 0.00073209}
{"tid": 12142724, "date": 1635158178, "type": "sell", "price": 356621.00001, "amount": 0.00755803}
{"tid": 12142725, "date": 1635158183, "type": "buy", "price": 356999.98, "amount": 0.00056022}
{"tid": 12142726, "date": 1635158186, "type": "sell", "price": 356621.00012, "amount": 0.000721}
{"tid": 12142727, "date": 1635158195, "type": "buy", "price": 356999.97996, "amount": 0.00072079}
{"tid": 12142728, "date": 1635158195, "type": "buy", "price": 356999.97997, "amount": 0.00017792}
{"tid": 12142729, "date": 1635158200, "type": "buy", "price": 356999.97997, "amount": 0.0073786}
{"tid": 12142730, "date": 1635158200, "type": "buy", "price": 356999.98, "amount": 0.00024292}
{"tid": 12142731, "date": 1635158200, "type": "buy", "price": 357000, "amount": 0.00048937}
{"tid": 12142732, "date": 1635158215, "type": "buy", "price": 357000, "amount": 0.00246212}
{"tid": 12142733, "date": 1635158224, "type": "sell", "price": 356999.97, "amount": 0.00199594}
{"tid": 12142734, "date": 1635158226, "type": "buy", "price": 356999.99999, "amount": 0.00840521}
{"tid": 12142735, "date": 1635158231, "type": "sell", "price": 356999.97, "amount": 0.0004295}
{"tid": 12142736, "date": 1635158232, "type": "buy", "price": 356999.99999, "amount": 0.0359696}
{"tid": 12142737, "date": 1635158253, "type": "buy", "price": 357000, "amount": 0.00016025}
{"tid": 12142738, "date": 1635158257, "type": "buy", "price": 356999.99998, "amount": 0.00050602}
{"tid": 12142739, "date": 1635158272, "type": "sell", "price": 356999.99, "amount": 0.00040131}
{"tid": 12142740, "date": 1635158272, "type": "sell", "price": 356999.96, "amount": 0.00068252}
{"tid": 12142741, "date": 1635158272, "type": "sell", "price": 356621, "amount": 3.656e-05}
{"tid": 12142742, "date": 1635158272, "type": "sell", "price": 356621, "amount": 0.0003742}
{"tid": 12142743, "date": 1635158272, "type": "sell", "price": 356399.00001, "amount": 0.00648779}
{"tid": 12142744, "date": 1635158275, "type": "buy", "price": 356999.99998, "amount": 0.0140056}
{"tid": 12142745, "date": 1635158287, "type": "buy", "price": 356999.99997, "amount": 0.0007512}
{"tid": 12142746, "date": 1635158295, "type": "buy", "price": 356999.99, "amount": 0.00049337}
{"tid": 12142747, "date": 1635158306, "type": "buy", "price": 356999.98995, "amount": 0.00281095}
{"tid": 12142748, "date": 1635158308, "type": "buy", "price": 356999.98994, "amount": 0.00010532}
{"tid": 12142749, "date": 1635158312, "type": "sell", "price": 356399.00083, "amount": 0.00072}
{"tid": 12142750, "date": 1635158317, "type": "sell", "price": 356399.00103, "amount": 0.00052}
{"tid": 12142751, "date": 1635158317, "type": "sell", "price": 356399.00093, "amount": 0.0014}
{"tid": 12142752, "date": 1635158317, "type": "sell", "price": 356210.10001, "amount": 0.00088}
{"tid": 12142753, "date": 1635158318, "type": "buy", "price": 356999.89988, "amount": 0.00192495}
{"tid": 12142754, "date": 1635158334, "type": "sell", "price": 356399.00104, "amount": 0.00028758}
{"tid": 12142755, "date": 1635158336, "type": "sell", "price": 356399.00104, "amount": 0.00043242}
{"tid": 12142756, "date": 1635158336, "type": "sell", "price": 356210.10001, "amount": 0.035597}
{"tid": 12142757, "date": 1635158336, "type": "sell", "price": 356210.1, "amount": 0.02467996}
{"tid": 12142758, "date": 1635158337, "type": "sell", "price": 356399.00105, "amount": 0.00052584}
{"tid": 12142759, "date": 1635158353, "type": "sell", "price": 356399.00105, "amount": 0.00115416}
{"tid": 12142760, "date": 1635158353, "type": "sell", "price": 356210.1, "amount": 0.0049024}
{"tid": 12142761, "date": 1635158384, "type": "sell", "price": 356210.10001, "amount": 0.00314906}
{"tid": 12142762, "date": 1635158400, "type": "buy", "price": 356999.88894, "amount": 0.00028011}
{"tid": 12142763, "date": 1635158425, "type": "sell", "price": 356210.10001, "amount": 0.00150144}
{"tid": 12142764, "date": 1635158437, "type": "buy", "price": 356999.87967, "amount": 0.00139959}
{"tid": 12142765, "date": 1635158437, "type": "buy", "price": 356999.87976, "amount": 0.00140155}
{"tid": 12142766, "date": 1635158450, "type": "buy", "price": 356999.87942, "amount": 0.0003277}
{"tid": 12142767, "date": 1635158468, "type": "buy", "price": 356999.87897, "amount": 7.352e-05}
{"tid": 12142768, "date": 1635158486, "type": "buy", "price": 356999.87843, "amount": 0.00095246}
{"tid": 12142769, "date": 1635158491, "type": "buy", "price": 356999.8783, "amount": 0.00014005}
{"tid": 12142770, "date": 1635158507, "type": "sell", "price": 356395.00088, "amount": 0.00017191}
{"tid": 12142771, "date": 1635158523, "type": "buy", "price": 356999.86947, "amount": 0.00022408}
{"tid": 12142772, "date": 1635158525, "type": "buy", "price": 356999.86944, "amount": 0.00144512}
{"tid": 12142773, "date": 1635158526, "type": "buy", "price": 356999.86943, "amount": 0.00027753}
{"tid": 12142774, "date": 1635158547, "type": "sell", "price": 356395.00143, "amount": 4.181e-05}
{"tid": 12142775, "date": 1635158550, "type": "sell", "price": 356395.00153, "amount": 0.00033782}
{"tid": 12142776, "date": 1635158571, "type": "sell", "price": 356395.00175, "amount": 0.00107}
{"tid": 12142777, "date": 1635158571, "type": "sell", "price": 356395, "amount": 0.00196548}
{"tid": 12142778, "date": 1635158571, "type": "sell", "price": 356395, "amount": 0.00050062}
{"tid": 12142779, "date": 1635158571, "type": "sell", "price": 356350, "amount": 0.007}
{"tid": 12142780, "date": 1635158571, "type": "sell", "price": 356210.1, "amount": 0.0036139}
{"tid": 12142781, "date": 1635158573, "type": "buy", "price": 356989.99967, "amount": 0.00081591}
{"tid": 12142782, "date": 1635158574, "type": "buy", "price": 356989.99966, "amount": 0.00840359}
{"tid": 12142783, "date": 1635158577, "type": "buy", "price": 356989.99955, "amount": 0.00101173}
{"tid": 12142784, "date": 1635158583, "type": "sell", "price": 356395.00186, "amount": 0.00031}
{"tid": 12142785, "date": 1635158597, "type": "buy", "price": 356989.99886, "amount": 0.01960839}
{"tid": 12142786, "date": 1635158610, "type": "buy", "price": 356989.9984, "amount": 0.00150412}
{"tid": 12142787, "date": 1635158610, "type": "buy", "price": 356989.99842, "amount": 0.00080153}
{"tid": 12142788, "date": 1635158610, "type": "buy", "price": 356989.99843, "amount": 0.00166184}
{"tid": 12142789, "date": 1635158610, "type": "buy", "price": 356989.99853, "amount": 0.0072373}
{"tid": 12142790, "date": 1635158617, "type": "buy", "price": 356989.99819, "amount": 5.602e-05}
{"tid": 12142791, "date": 1635158623, "type": "buy", "price": 356989.9899, "amount": 0.00135138}
{"tid": 12142792, "date": 1635158623, "type": "buy", "price": 356989.99, "amount": 3.117e-05}
{"tid": 12142793, "date": 1635158631, "type": "sell", "price": 356395.0024, "amount": 0.01566387}
{"tid": 12142794, "date": 1635158631, "type": "sell", "price": 356395.00239, "amount": 0.0014}
{"tid": 12142795, "date": 1635158631, "type": "sell", "price": 356210.1, "amount": 0.00679556}
{"tid": 12142796, "date": 1635158640, "type": "buy", "price": 356989.98967, "amount": 0.00565091}
{"tid": 12142797, "date": 1635158660, "type": "sell", "price": 356395.00272, "amount": 0.00196}
{"tid": 12142798, "date": 1635158660, "type": "sell", "price": 356210.10001, "amount": 0.00566214}
{"tid": 12142799, "date": 1635158660, "type": "sell", "price": 356210.1, "amount": 0.00090171}
{"tid": 12142800, "date": 1635158660, "type": "sell", "price": 356210.1, "amount": 0.05223266}
{"tid": 12142801, "date": 1635158660, "type": "sell", "price": 356210.1, "amount": 0.23471872}
{"tid": 12142802, "date": 1635158660, "type": "sell", "price": 356210.1, "amount": 0.00010263}
{"tid": 12142803, "date": 1635158660, "type": "sell", "price": 356210.09, "amount": 0.005}
{"tid": 12142804, "date": 1635158660, "type": "sell", "price": 356000, "amount": 0.0005232}
{"tid": 12142805, "date": 1635158660, "type": "sell", "price": 355951, "amount": 0.04243545}
{"tid": 12142806, "date": 1635158664, "type": "sell", "price": 356989.98, "amount": 8.385e-05}
{"tid": 12142807, "date": 1635158676, "type": "buy", "price": 356989.98943, "amount": 0.00168563}
{"tid": 12142808, "date": 1635158687, "type": "sell", "price": 356989.98, "amount": 0.00014752}
{"tid": 12142809, "date": 1635158687, "type": "sell", "price": 356162.00002, "amount": 0.00078684}
{"tid": 12142810, "date": 1635158696, "type": "sell", "price": 356162.00004, "amount": 0.00027559}
{"tid": 12142811, "date": 1635158701, "type": "buy", "price": 356989.98884, "amount": 0.00560239}
{"tid": 12142812, "date": 1635158707, "type": "buy", "price": 356979.99999, "amount": 0.00317393}
{"tid": 12142813, "date": 1635158719, "type": "sell", "price": 356162.00011, "amount": 0.00035966}
{"tid": 12142814, "date": 1635158726, "type": "buy", "price": 356979.99918, "amount": 0.00027555}
{"tid": 12142815, "date": 1635158726, "type": "buy", "price": 356979.9992, "amount": 0.00813929}
{"tid": 12142816, "date": 1635158727, "type": "sell", "price": 356162.00013, "amount": 0.035}
{"tid": 12142817, "date": 1635158729, "type": "buy", "price": 356979.99908, "amount": 7.005e-05}
{"tid": 12142818, "date": 1635158738, "type": "sell", "price": 356162.00018, "amount": 0.00094784}
{"tid": 12142819, "date": 1635158743, "type": "sell", "price": 356162.00019, "amount": 0.00053005}
{"tid": 12142820, "date": 1635158756, "type": "buy", "price": 356979.98928, "amount": 0.03492295}
{"tid": 12142821, "date": 1635158756, "type": "buy", "price": 356979.98929, "amount": 0.02110259}
{"tid": 12142822, "date": 1635158785, "type": "sell", "price": 356162.00028, "amount": 0.00074}
{"tid": 12142823, "date": 1635158785, "type": "sell", "price": 356162.00027, "amount": 0.00854146}
{"tid": 12142824, "date": 1635158788, "type": "buy", "price": 356979.98797, "amount": 0.0031955}
{"tid": 12142825, "date": 1635158795, "type": "buy", "price": 356979.98772, "amount": 0.0001509}
{"tid": 12142826, "date": 1635158800, "type": "sell", "price": 356162.00027, "amount": 0.03460109}
{"tid": 12142827, "date": 1635158804, "type": "sell", "price": 356162.00027, "amount": 0.00192728}
{"tid": 12142828, "date": 1635158810, "type": "sell", "price": 356162.00027, "amount": 0.00030487}
{"tid": 12142829, "date": 1635158813, "type": "buy", "price": 356979.98691, "amount": 0.00121718}
{"tid": 12142830, "date": 1635158822, "type": "sell", "price": 356162.00039, "amount": 0.0021207}
{"tid": 12142831, "date": 1635158825, "type": "sell", "price": 356162.00039, "amount": 0.00044012}
{"tid": 12142832, "date": 1635158827, "type": "sell", "price": 356162.00049, "amount": 9.987e-05}
{"tid": 12142833, "date": 1635158828, "type": "sell", "price": 356162.00051, "amount": 0.02247534}
{"tid": 12142834, "date": 1635158828, "type": "sell", "price": 356162.00049, "amount": 0.00094013}
{"tid": 12142835, "date": 1635158828, "type": "sell", "price": 356162.00019, "amount": 1.267e-05}
{"tid": 12142836, "date": 1635158828, "type": "sell", "price": 356162, "amount": 0.1759}
{"tid": 12142837, "date": 1635158828, "type": "sell", "price": 356162, "amount": 0.005}
{"tid": 12142838, "date": 1635158829, "type": "sell", "price": 355805, "amount": 0.00020547}
{"tid": 12142839, "date": 1635158831, "type": "buy", "price": 356161.99999, "amount": 0.00018}
{"tid": 12142840, "date": 1635158864, "type": "buy", "price": 356161.99903, "amount": 0.00056154}
{"tid": 12142841, "date": 1635158874, "type": "buy", "price": 356161.99881, "amount": 0.00042115}
{"tid": 12142842, "date": 1635158881, "type": "buy", "price": 356161.99841, "amount": 5.615e-05}
{"tid": 12142843, "date": 1635158885, "type": "sell", "price": 355742.0003, "amount": 0.00057}
{"tid": 12142844, "date": 1635158885, "type": "sell", "price": 355742.00009, "amount": 0.00088}
{"tid": 12142845, "date": 1635158893, "type": "sell", "price": 355742.00041, "amount": 9.006e-05}
{"tid": 12142846, "date": 1635158903, "type": "buy", "price": 356161.99778, "amount": 0.00195942}
{"tid": 12142847, "date": 1635158903, "type": "buy", "price": 356161.99817, "amount": 0.00927142}
{"tid": 12142848, "date": 1635158904, "type": "buy", "price": 356161.99777, "amount": 0.00102242}
{"tid": 12142849, "date": 1635158904, "type": "buy", "price": 356161.99777, "amount": 0.00150734}
{"tid": 12142850, "date": 1635158904, "type": "buy", "price": 356899.99999, "amount": 0.0142869}
{"tid": 12142851, "date": 1635158905, "type": "buy", "price": 356899.99999, "amount": 0.00317464}
{"tid": 12142852, "date": 1635158909, "type": "buy", "price": 356161.99797, "amount": 0.1759}
{"tid": 12142853, "date": 1635158912, "type": "buy", "price": 356161.99797, "amount": 0.00034124}
{"tid": 12142854, "date": 1635158918, "type": "sell", "price": 356135.00006, "amount": 0.00872658}
{"tid": 12142855, "date": 1635158925, "type": "sell", "price": 356135.00017, "amount": 0.0005563}
{"tid": 12142856, "date": 1635158925, "type": "sell", "price": 356135.00017, "amount": 0.00056107}
{"tid": 12142857, "date": 1635158933, "type": "buy", "price": 356899.99985, "amount": 0.00061641}
{"tid": 12142858, "date": 1635158955, "type": "sell", "price": 356339.00054, "amount": 0.0001606}
{"tid": 12142859, "date": 1635158957, "type": "buy", "price": 356899.99978, "amount": 0.01260857}
{"tid": 12142860, "date": 1635158967, "type": "sell", "price": 356339.00096, "amount": 0.00908484}
{"tid": 12142861, "date": 1635158973, "type": "sell", "price": 356492, "amount": 0.00070088}
{"tid": 12142862, "date": 1635158975, "type": "sell", "price": 356492.00004, "amount": 0.00011239}
{"tid": 12142863, "date": 1635158975, "type": "buy", "price": 356899.99971, "amount": 0.00056038}
{"tid": 12142864, "date": 1635158979, "type": "buy", "price": 356899.99971, "amount": 0.00117231}
{"tid": 12142865, "date": 1635158991, "type": "buy", "price": 356899.99971, "amount": 0.00028019}
{"tid": 12142866, "date": 1635158996, "type": "sell", "price": 356517.00062, "amount": 0.00071471}
{"tid": 12142867, "date": 1635159016, "type": "buy", "price": 356799.99998, "amount": 0.02469871}
{"tid": 12142868, "date": 1635159020, "type": "buy", "price": 356799.99999, "amount": 4.204e-05}
{"tid": 12142869, "date": 1635159029, "type": "buy", "price": 356799.99999, "amount": 0.00433492}
{"tid": 12142870, "date": 1635159036, "type": "buy", "price": 356799.99999, "amount": 0.00013985}
{"tid": 12142871, "date": 1635159043, "type": "buy", "price": 356799.99, "amount": 0.00011857}
{"tid": 12142872, "date": 1635159043, "type": "buy", "price": 356799.99999, "amount": 0.00135906}
{"tid": 12142873, "date": 1635159049, "type": "sell", "price": 356517.00119, "amount": 0.00015564}
{"tid": 12142874, "date": 1635159049, "type": "sell", "price": 356517.00119, "amount": 0.0045}
{"tid": 12142875, "date": 1635159056, "type": "buy", "price": 356799.99999, "amount": 2.802e-05}
{"tid": 12142876, "date": 1635159058, "type": "buy", "price": 356799.99999, "amount": 0.0015723}
{"tid": 12142877, "date": 1635159070, "type": "sell", "price": 356517.0014, "amount": 0.00533494}
{"tid": 12142878, "date": 1635159072, "type": "sell", "price": 356517.00143, "amount": 0.00294101}
{"tid": 12142879, "date": 1635159076, "type": "buy", "price": 356799.99999, "amount": 0.00046406}
{"tid": 12142880, "date": 1635159099, "type": "sell", "price": 356518.00039, "amount": 0.01023445}
{"tid": 12142881, "date": 1635159106, "type": "sell", "price": 356518.00041, "amount": 0.00028901}
{"tid": 12142882, "date": 1635159116, "type": "sell", "price": 356518.00046, "amount": 0.00287827}
{"tid": 12142883, "date": 1635159118, "type": "sell", "price": 356518.00049, "amount": 3.862e-05}
{"tid": 12142884, "date": 1635159122, "type": "sell", "price": 356518.00057, "amount": 0.00050699}
{"tid": 12142885, "date": 1635159128, "type": "buy", "price": 356799.99998, "amount": 2.802e-05}
{"tid": 12142886, "date": 1635159132, "type": "sell", "price": 356518.00073, "amount": 0.00197032}
{"tid": 12142887, "date": 1635159137, "type": "buy", "price": 356799.99998, "amount": 0.5973}
{"tid": 12142888, "date": 1635159140, "type": "sell", "price": 356799.99001, "amount": 0.03}
{"tid": 12142889, "date": 1635159141, "type": "buy", "price": 356799.99998, "amount": 0.0004204}
{"tid": 12142890, "date": 1635159144, "type": "sell", "price": 356799.99001, "amount": 0.09994468}
{"tid": 12142891, "date": 1635159167, "type": "sell", "price": 356799.99001, "amount": 3.326e-05}
{"tid": 12142892, "date": 1635159176, "type": "buy", "price": 356899.98997, "amount": 2.801e-05}
{"tid": 12142893, "date": 1635159179, "type": "sell", "price": 356799.99002, "amount": 0.01522965}
{"tid": 12142894, "date": 1635159183, "type": "buy", "price": 356899.98997, "amount": 0.00010933}
{"tid": 12142895, "date": 1635159188, "type": "buy", "price": 356899.99, "amount": 0.00013958}
{"tid": 12142896, "date": 1635159188, "type": "buy", "price": 356979.99, "amount": 0.00060262}
{"tid": 12142897, "date": 1635159189, "type": "sell", "price": 356799.99005, "amount": 0.0042}
{"tid": 12142898, "date": 1635159194, "type": "buy", "price": 356979.99, "amount": 0.0002518}
{"tid": 12142899, "date": 1635159202, "type": "sell", "price": 356799.99029, "amount": 2.418e-05}
{"tid": 12142900, "date": 1635159203, "type": "sell", "price": 356799.99029, "amount": 0.00073702}
{"tid": 12142901, "date": 1635159206, "type": "sell", "price": 356799.99036, "amount": 0.00219}
{"tid": 12142902, "date": 1635159219, "type": "sell", "price": 356799.9906, "amount": 0.00281278}
{"tid": 12142903, "date": 1635159225, "type": "buy", "price": 356979.99, "amount": 0.00032186}
{"tid": 12142904, "date": 1635159225, "type": "buy", "price": 356979.99, "amount": 0.00029019}
{"tid": 12142905, "date": 1635159225, "type": "buy", "price": 356989.98999, "amount": 0.00078856}
{"tid": 12142906, "date": 1635159226, "type": "buy", "price": 356989.98999, "amount": 0.01139625}
{"tid": 12142907, "date": 1635159231, "type": "sell", "price": 356799.9907, "amount": 0.00010436}
{"tid": 12142908, "date": 1635159234, "type": "buy", "price": 356989.98999, "amount": 0.00014008}
{"tid": 12142909, "date": 1635159238, "type": "sell", "price": 356799.99074, "amount": 0.00594268}
{"tid": 12142910, "date": 1635159250, "type": "sell", "price": 356799.99091, "amount": 3.521e-05}
{"tid": 12142911, "date": 1635159255, "type": "buy", "price": 356979.98, "amount": 0.00027549}
{"tid": 12142912, "date": 1635159255, "type": "buy", "price": 356989.98999, "amount": 0.00323874}
{"tid": 12142913, "date": 1635159255, "type": "buy", "price": 356989.99, "amount": 0.00506198}
{"tid": 12142914, "date": 1635159262, "type": "sell", "price": 356799.99098, "amount": 0.0493}
{"tid": 12142915, "date": 1635159262, "type": "sell", "price": 356799.99095, "amount": 0.02788798}
{"tid": 12142916, "date": 1635159264, "type": "sell", "price": 356799.99003, "amount": 0.00285945}
{"tid": 12142917, "date": 1635159279, "type": "buy", "price": 356988.99997, "amount": 0.01440621}
{"tid": 12142918, "date": 1635159280, "type": "buy", "price": 356988.99997, "amount": 4.462e-05}
{"tid": 12142919, "date": 1635159312, "type": "buy", "price": 356988.99997, "amount": 0.00056024}
{"tid": 12142920, "date": 1635159315, "type": "buy", "price": 356988.99997, "amount": 0.00040258}
{"tid": 12142921, "date": 1635159333, "type": "sell", "price": 356899.99, "amount": 5.005e-05}
{"tid": 12142922, "date": 1635159348, "type": "sell", "price": 356899.99, "amount": 0.0003}
{"tid": 12142923, "date": 1635159349, "type": "buy", "price": 356988.99997, "amount": 0.00256288}
{"tid": 12142924, "date": 1635159351, "type": "buy", "price": 356988.99, "amount": 8.403e-05}
{"tid": 12142925, "date": 1635159360, "type": "sell", "price": 356899.99, "amount": 9.77e-06}
{"tid": 12142926, "date": 1635159360, "type": "sell", "price": 356895, "amount": 0.00199023}
{"tid": 12142927, "date": 1635159368, "type": "buy", "price": 356988.99, "amount": 0.02044049}
{"tid": 12142928, "date": 1635159368, "type": "buy", "price": 356988.99997, "amount": 0.00994109}
{"tid": 12142929, "date": 1635159368, "type": "buy", "price": 356989, "amount": 0.05560193}
{"tid": 12142930, "date": 1635159368, "type": "buy", "price": 356989.99, "amount": 0.0059402}
{"tid": 12142931, "date": 1635159368, "type": "buy", "price": 356989.99, "amount": 0.0045}
{"tid": 12142932, "date": 1635159368, "type": "buy", "price": 356999.87, "amount": 0.04363527}
{"tid": 12142933, "date": 1635159379, "type": "buy", "price": 356999.87, "amount": 0.00013397}
{"tid": 12142934, "date": 1635159383, "type": "buy", "price": 356999.87, "amount": 0.00764608}
{"tid": 12142935, "date": 1635159395, "type": "sell", "price": 356895, "amount": 0.0002826}
{"tid": 12142936, "date": 1635159398, "type": "buy", "price": 356999.87, "amount": 0.00028291}
{"tid": 12142937, "date": 1635159405, "type": "buy", "price": 356999.87, "amount": 0.0140056}
{"tid": 12142938, "date": 1635159410, "type": "buy", "price": 356999.87, "amount": 2.801e-05}
{"tid": 12142939, "date": 1635159413, "type": "buy", "price": 356999.87, "amount": 0.00442403}
{"tid": 12142940, "date": 1635159416, "type": "buy", "price": 356999.87, "amount": 0.00028011}
{"tid": 12142941, "date": 1635159426, "type": "buy", "price": 356999.87, "amount": 0.00173327}
{"tid": 12142942, "date": 1635159426, "type": "buy", "price": 356999.89, "amount": 0.0057}
{"tid": 12142943, "date": 1635159426, "type": "buy", "price": 356999.9, "amount": 0.0163}
{"tid": 12142944, "date": 1635159426, "type": "buy", "price": 356999.99, "amount": 0.00666666}
{"tid": 12142945, "date": 1635159426, "type": "buy", "price": 357000, "amount": 0.00338573}
{"tid": 12142946, "date": 1635159441, "type": "buy", "price": 357000, "amount": 0.00017299}
{"tid": 12142947, "date": 1635159461, "type": "buy", "price": 357000, "amount": 0.00345285}
{"tid": 12142948, "date": 1635159463, "type": "buy", "price": 357000, "amount": 3.467e-05}
{"tid": 12142949, "date": 1635159467, "type": "buy", "price": 357000, "amount": 0.00148246}
{"tid": 12142950, "date": 1635159470, "type": "sell", "price": 356955, "amount": 0.08978402}
{"tid": 12142951, "date": 1635159483, "type": "sell", "price": 356895, "amount": 0.00111169}
{"tid": 12142952, "date": 1635159492, "type": "buy", "price": 357000, "amount": 0.00028011}
{"tid": 12142953, "date": 1635159497, "type": "buy", "price": 357000, "amount": 0.00028033}
{"tid": 12142954, "date": 1635159505, "type": "buy", "price": 357000, "amount": 0.00067549}
{"tid": 12142955, "date": 1635159524, "type": "sell", "price": 356895, "amount": 0.00888831}
{"tid": 12142956, "date": 1635159524, "type": "sell", "price": 356895, "amount": 0.00511169}
{"tid": 12142957, "date": 1635159526, "type": "sell", "price": 356895, "amount": 0.00031205}
{"tid": 12142958, "date": 1635159540, "type": "buy", "price": 357000, "amount": 0.00028011}
{"tid": 12142959, "date": 1635159543, "type": "buy", "price": 357000, "amount": 0.00087627}
{"tid": 12142960, "date": 1635159557, "type": "sell", "price": 356895, "amount": 0.0002851}
{"tid": 12142961, "date": 1635159571, "type": "sell", "price": 356895, "amount": 0.00996689}
{"tid": 12142962, "date": 1635159572, "type": "buy", "price": 357000, "amount": 0.012648}
{"tid": 12142963, "date": 1635159572, "type": "buy", "price": 357000, "amount": 0.00028565}
{"tid": 12142964, "date": 1635159572, "type": "buy", "price": 357000, "amount": 0.00042378}
{"tid": 12142965, "date": 1635159572, "type": "buy", "price": 357000, "amount": 0.00028904}
{"tid": 12142966, "date": 1635159572, "type": "buy", "price": 357000, "amount": 0.00542145}
{"tid": 12142967, "date": 1635159574, "type": "buy", "price": 357000, "amount": 0.00014005}
{"tid": 12142968, "date": 1635159582, "type": "sell", "price": 356895, "amount": 0.00056096}
{"tid": 12142969, "date": 1635159587, "type": "buy", "price": 357000, "amount": 0.001}
{"tid": 12142970, "date": 1635159627, "type": "buy", "price": 357000, "amount": 0.00035809}
{"tid": 12142971, "date": 1635159631, "type": "sell", "price": 356895, "amount": 0.00484155}
{"tid": 12142972, "date": 1635159635, "type": "buy", "price": 357000, "amount": 0.00056022}
{"tid": 12142973, "date": 1635159639, "type": "buy", "price": 357000, "amount": 0.00042529}
{"tid": 12142974, "date": 1635159640, "type": "sell", "price": 356895, "amount": 0.00105682}
{"tid": 12142975, "date": 1635159652, "type": "buy", "price": 357000, "amount": 0.00400484}
{"tid": 12142976, "date": 1635159658, "type": "sell", "price": 356895, "amount": 0.00087}
{"tid": 12142977, "date": 1635159668, "type": "sell", "price": 356895, "amount": 0.004}
{"tid": 12142978, "date": 1635159672, "type": "sell", "price": 356895, "amount": 0.00234046}
{"tid": 12142979, "date": 1635159685, "type": "buy", "price": 357000, "amount": 0.00261067}
{"tid": 12142980, "date": 1635159712, "type": "sell", "price": 356895, "amount": 2.878e-05}
{"tid": 12142981, "date": 1635159743, "type": "sell", "price": 356895, "amount": 0.00067227}
{"tid": 12142982, "date": 1635159745, "type": "sell", "price": 356895, "amount": 0.00103028}
{"tid": 12142983, "date": 1635159749, "type": "buy", "price": 357000, "amount": 0.06739823}
{"tid": 12142984, "date": 1635159749, "type": "buy", "price": 357000, "amount": 0.00234567}
{"tid": 12142985, "date": 1635159749, "type": "buy", "price": 357000, "amount": 0.2}
{"tid": 12142986, "date": 1635159749, "type": "buy", "price": 357000, "amount": 0.01097151}
{"tid": 12142987, "date": 1635159749, "type": "buy", "price": 357000, "amount": 2e-05}
{"tid": 12142988, "date": 1635159749, "type": "buy", "price": 357000, "amount": 0.00018733}
{"tid": 12142989, "date": 1635159749, "type": "buy", "price": 357000, "amount": 0.00374657}
{"tid": 12142990, "date": 1635159749, "type": "buy", "price": 357000, "amount": 0.00031098}
{"tid": 12142991, "date": 1635159749, "type": "buy", "price": 357000, "amount": 0.00030068}
{"tid": 12142992, "date": 1635159750, "type": "buy", "price": 357008.99, "amount": 5.759e-05}
{"tid": 12142993, "date": 1635159750, "type": "buy", "price": 357023.66, "amount": 0.000235}
{"tid": 12142994, "date": 1635159750, "type": "buy", "price": 357041.73406, "amount": 0.00021786}
{"tid": 12142995, "date": 1635159750, "type": "buy", "price": 357043.84078, "amount": 0.00021962}
{"tid": 12142996, "date": 1635159750, "type": "buy", "price": 357063.97, "amount": 0.00039954}
{"tid": 12142997, "date": 1635159750, "type": "buy", "price": 357104, "amount": 0.00017}
{"tid": 12142998, "date": 1635159750, "type": "buy", "price": 357242.85, "amount": 0.01194137}
{"tid": 12142999, "date": 1635159757, "type": "sell", "price": 357000.00009, "amount": 0.00011304}
{"tid": 12143000, "date": 1635159762, "type": "sell", "price": 357000.00012, "amount": 0.01114174}
{"tid": 12143001, "date": 1635159768, "type": "sell", "price": 357000.00013, "amount": 7.454e-05}
{"tid": 12143002, "date": 1635159774, "type": "buy", "price": 357242.84999, "amount": 0.00011302}
{"tid": 12143003, "date": 1635159774, "type": "buy", "price": 357242.85, "amount": 0.05218363}
{"tid": 12143004, "date": 1635159774, "type": "buy", "price": 357397.23222, "amount": 0.00222282}
{"tid": 12143005, "date": 1635159774, "type": "buy", "price": 357478, "amount": 0.00057233}
{"tid": 12143006, "date": 1635159774, "type": "buy", "price": 357500, "amount": 0.00278037}
{"tid": 12143007, "date": 1635159774, "type": "buy", "price": 357500, "amount": 0.00012413}
{"tid": 12143008, "date": 1635159774, "type": "buy", "price": 357777.76999, "amount": 0.05388823}
{"tid": 12143009, "date": 1635159786, "type": "sell", "price": 357210.00023, "amount": 0.01107069}
{"tid": 12143010, "date": 1635159789, "type": "buy", "price": 357777.76994, "amount": 0.0002795}
{"tid": 12143011, "date": 1635159794, "type": "buy", "price": 357777.76993, "amount": 0.0002795}
{"tid": 12143012, "date": 1635159804, "type": "buy", "price": 357777.76991, "amount": 0.03913043}
{"tid": 12143013, "date": 1635159810, "type": "sell", "price": 357210.0009, "amount": 0.00136022}
{"tid": 12143014, "date": 1635159833, "type": "sell", "price": 357210.00146, "amount": 0.0014}
{"tid": 12143015, "date": 1635159833, "type": "sell", "price": 357210.00138, "amount": 0.0016}
{"tid": 12143016, "date": 1635159835, "type": "buy", "price": 357777.75954, "amount": 0.00139959}
{"tid": 12143017, "date": 1635159835, "type": "buy", "price": 357777.75954, "amount": 0.00135982}
{"tid": 12143018, "date": 1635159835, "type": "buy", "price": 357777.76, "amount": 0.0001}
{"tid": 12143019, "date": 1635159835, "type": "buy", "price": 357777.76999, "amount": 0.01648634}
{"tid": 12143020, "date": 1635159840, "type": "sell", "price": 357253, "amount": 0.0074935}
{"tid": 12143021, "date": 1635159840, "type": "sell", "price": 357253, "amount": 8.163e-05}
{"tid": 12143022, "date": 1635159851, "type": "sell", "price": 357336.00011, "amount": 0.0001938}
{"tid": 12143023, "date": 1635159855, "type": "sell", "price": 357336.00021, "amount": 0.00014439}
{"tid": 12143024, "date": 1635159867, "type": "buy", "price": 357777.75916, "amount": 0.00014435}
{"tid": 12143025, "date": 1635159867, "type": "buy", "price": 357777.75926, "amount": 0.00186798}
{"tid": 12143026, "date": 1635159867, "type": "buy", "price": 357777.77, "amount": 0.0007827}
{"tid": 12143027, "date": 1635159877, "type": "buy", "price": 357777.76991, "amount": 0.00013975}
{"tid": 12143028, "date": 1635159886, "type": "buy", "price": 357777.76991, "amount": 0.00391304}
{"tid": 12143029, "date": 1635159891, "type": "sell", "price": 357336.00094, "amount": 0.0014}
{"tid": 12143030, "date": 1635159891, "type": "sell", "price": 357336.00084, "amount": 0.0419773}
{"tid": 12143031, "date": 1635159891, "type": "sell", "price": 357336, "amount": 0.00417014}
{"tid": 12143032, "date": 1635159894, "type": "buy", "price": 357777.76972, "amount": 2.795e-05}
{"tid": 12143033, "date": 1635159895, "type": "sell", "price": 357378, "amount": 0.00057}
{"tid": 12143034, "date": 1635159899, "type": "sell", "price": 357210, "amount": 0.00014456}
{"tid": 12143035, "date": 1635159899, "type": "sell", "price": 357133, "amount": 4.852e-05}
{"tid": 12143036, "date": 1635159901, "type": "sell", "price": 357399, "amount": 0.0057}
{"tid": 12143037, "date": 1635159906, "type": "sell", "price": 357404, "amount": 0.00289554}
{"tid": 12143038, "date": 1635159915, "type": "buy", "price": 357777.64981, "amount": 0.0002795}
{"tid": 12143039, "date": 1635159917, "type": "buy", "price": 357777.64967, "amount": 0.04192548}
{"tid": 12143040, "date": 1635159918, "type": "sell", "price": 357404.00011, "amount": 0.00168}
{"tid": 12143041, "date": 1635159918, "type": "sell", "price": 357404.0001, "amount": 0.00196}
{"tid": 12143042, "date": 1635159924, "type": "buy", "price": 357335.99999, "amount": 0.00888052}
{"tid": 12143043, "date": 1635159933, "type": "buy", "price": 357335.99999, "amount": 0.00824534}
{"tid": 12143044, "date": 1635159934, "type": "sell", "price": 357276, "amount": 0.00101469}
{"tid": 12143045, "date": 1635159957, "type": "sell", "price": 357335.99, "amount": 0.00056022}
{"tid": 12143046, "date": 1635159958, "type": "sell", "price": 357335.99, "amount": 3.117e-05}
{"tid": 12143047, "date": 1635159981, "type": "buy", "price": 357335.99999, "amount": 0.00279848}
{"tid": 12143048, "date": 1635159993, "type": "sell", "price": 357335.99, "amount": 0.00111642}
{"tid": 12143049, "date": 1635160004, "type": "buy", "price": 357335.99999, "amount": 0.00839545}
{"tid": 12143050, "date": 1635160010, "type": "buy", "price": 357335.99999, "amount": 0.00027984}
{"tid": 12143051, "date": 1635160017, "type": "sell", "price": 357335.99, "amount": 0.0003}
{"tid": 12143052, "date": 1635160022, "type": "buy", "price": 357335.99999, "amount": 0.00083957}
{"tid": 12143053, "date": 1635160023, "type": "sell", "price": 357335.99, "amount": 0.00273901}
{"tid": 12143054, "date": 1635160034, "type": "buy", "price": 357335.99997, "amount": 0.02467179}
{"tid": 12143055, "date": 1635160035, "type": "buy", "price": 357335.99997, "amount": 0.00699621}
{"tid": 12143056, "date": 1635160048, "type": "buy", "price": 357335.99996, "amount": 0.01399243}
{"tid": 12143057, "date": 1635160062, "type": "buy", "price": 357335.99994, "amount": 0.00027984}
{"tid": 12143058, "date": 1635160064, "type": "sell", "price": 357335.99, "amount": 0.00048569}
{"tid": 12143059, "date": 1635160071, "type": "buy", "price": 357335.99992, "amount": 0.00041977}
{"tid": 12143060, "date": 1635160073, "type": "buy", "price": 357335.99992, "amount": 0.00313002}
{"tid": 12143061, "date": 1635160079, "type": "buy", "price": 357335.99992, "amount": 0.00559697}
{"tid": 12143062, "date": 1635160085, "type": "buy", "price": 357335.99992, "amount": 7.273e-05}
{"tid": 12143063, "date": 1635160086, "type": "buy", "price": 357335.99991, "amount": 2.812e-05}
{"tid": 12143064, "date": 1635160094, "type": "sell", "price": 357335.99, "amount": 0.003}
{"tid": 12143065, "date": 1635160095, "type": "sell", "price": 357335.99, "amount": 0.00855843}
{"tid": 12143066, "date": 1635160095, "type": "sell", "price": 357335.98, "amount": 0.00279258}
{"tid": 12143067, "date": 1635160095, "type": "sell", "price": 357000, "amount": 0.00122375}
{"tid": 12143068, "date": 1635160095, "type": "sell", "price": 356907.00001, "amount": 0.00053359}
{"tid": 12143069, "date": 1635160103, "type": "buy", "price": 357335.99961, "amount": 2.991e-05}
{"tid": 12143070, "date": 1635160113, "type": "buy", "price": 357335.99918, "amount": 8.291e-05}
{"tid": 12143071, "date": 1635160134, "type": "buy", "price": 357335.97954, "amount": 0.00152937}
{"tid": 12143072, "date": 1635160137, "type": "buy", "price": 357335.97948, "amount": 0.00195942}
{"tid": 12143073, "date": 1635160137, "type": "buy", "price": 357335.97949, "amount": 0.00923452}
{"tid": 12143074, "date": 1635160148, "type": "buy", "price": 357335.97906, "amount": 0.00024257}
{"tid": 12143075, "date": 1635160163, "type": "sell", "price": 356907.0002, "amount": 0.00107932}
{"tid": 12143076, "date": 1635160163, "type": "sell", "price": 356907.0002, "amount": 0.00054991}
{"tid": 12143077, "date": 1635160176, "type": "sell", "price": 356907.00044, "amount": 0.00182113}
{"tid": 12143078, "date": 1635160176, "type": "buy", "price": 357335.97818, "amount": 0.00013992}
{"tid": 12143079, "date": 1635160178, "type": "sell", "price": 356907.00053, "amount": 0.014}
{"tid": 12143080, "date": 1635160182, "type": "buy", "price": 357335.97807, "amount": 0.00125967}
{"tid": 12143081, "date": 1635160182, "type": "buy", "price": 357335.97817, "amount": 0.00847802}
{"tid": 12143082, "date": 1635160193, "type": "sell", "price": 356907.00081, "amount": 0.00013304}
{"tid": 12143083, "date": 1635160199, "type": "buy", "price": 357335.94999, "amount": 0.00013956}
{"tid": 12143084, "date": 1635160227, "type": "buy", "price": 357335.94991, "amount": 0.00236919}
{"tid": 12143085, "date": 1635160245, "type": "buy", "price": 357335.93999, "amount": 0.00027984}
{"tid": 12143086, "date": 1635160251, "type": "buy", "price": 357335.93999, "amount": 0.00139966}
{"tid": 12143087, "date": 1635160251, "type": "buy", "price": 357335.94, "amount": 0.00076443}
{"tid": 12143088, "date": 1635160251, "type": "buy", "price": 357335.95, "amount": 0.01}
{"tid": 12143089, "date": 1635160251, "type": "buy", "price": 357335.97, "amount": 0.00064368}
{"tid": 12143090, "date": 1635160251, "type": "buy", "price": 357335.97999, "amount": 0.23248667}
{"tid": 12143091, "date": 1635160282, "type": "sell", "price": 356907.00311, "amount": 0.00015}
{"tid": 12143092, "date": 1635160289, "type": "buy", "price": 357335.49978, "amount": 0.00014996}
{"tid": 12143093, "date": 1635160289, "type": "buy", "price": 357335.49988, "amount": 0.00382715}
{"tid": 12143094, "date": 1635160293, "type": "buy", "price": 357335.49988, "amount": 0.00027727}
{"tid": 12143095, "date": 1635160294, "type": "sell", "price": 356907.00348, "amount": 0.00028187}
{"tid": 12143096, "date": 1635160298, "type": "buy", "price": 357335.49988, "amount": 0.00391945}
{"tid": 12143097, "date": 1635160298, "type": "buy", "price": 357335.5, "amount": 0.001}
{"tid": 12143098, "date": 1635160298, "type": "buy", "price": 357335.98, "amount": 0.00031689}
{"tid": 12143099, "date": 1635160298, "type": "buy", "price": 357336, "amount": 0.00036064}
{"tid": 12143100, "date": 1635160320, "type": "buy", "price": 357336, "amount": 0.00344146}
{"tid": 12143101, "date": 1635160336, "type": "buy", "price": 357336, "amount": 0.02798486}
{"tid": 12143102, "date": 1635160340, "type": "buy", "price": 357336, "amount": 8.364e-05}
{"tid": 12143103, "date": 1635160340, "type": "buy", "price": 357336, "amount": 0.00559697}
{"tid": 12143104, "date": 1635160342, "type": "buy", "price": 357336, "amount": 0.00093494}
{"tid": 12143105, "date": 1635160342, "type": "buy", "price": 357336, "amount": 0.00279587}
{"tid": 12143106, "date": 1635160342, "type": "buy", "price": 357777.65, "amount": 0.00024601}
{"tid": 12143107, "date": 1635160362, "type": "buy", "price": 357777.64991, "amount": 0.00069875}
{"tid": 12143108, "date": 1635160377, "type": "buy", "price": 357777.65, "amount": 0.00075399}
{"tid": 12143109, "date": 1635160381, "type": "buy", "price": 357777.77, "amount": 0.00116793}
{"tid": 12143110, "date": 1635160381, "type": "buy", "price": 357777.77, "amount": 0.000559}
{"tid": 12143111, "date": 1635160386, "type": "sell", "price": 357777.65, "amount": 0.00033845}
{"tid": 12143112, "date": 1635160408, "type": "sell", "price": 357777.65, "amount": 0.00028}
{"tid": 12143113, "date": 1635160423, "type": "buy", "price": 357777.77, "amount": 0.00382188}
{"tid": 12143114, "date": 1635160429, "type": "buy", "price": 357777.77, "amount": 0.00087789}
{"tid": 12143115, "date": 1635160432, "type": "buy", "price": 357777.77, "amount": 0.00144773}
{"tid": 12143116, "date": 1635160433, "type": "sell", "price": 357777.65, "amount": 0.00894838}
{"tid": 12143117, "date": 1635160433, "type": "sell", "price": 357377.00051, "amount": 0.01959528}
{"tid": 12143118, "date": 1635160434, "type": "sell", "price": 357377.00051, "amount": 0.0029}
{"tid": 12143119, "date": 1635160438, "type": "buy", "price": 357777.76996, "amount": 0.00010006}
{"tid": 12143120, "date": 1635160459, "type": "sell", "price": 357377.00084, "amount": 0.0005}
{"tid": 12143121, "date": 1635160472, "type": "sell", "price": 357377.00105, "amount": 0.00059}
{"tid": 12143122, "date": 1635160473, "type": "buy", "price": 357777.76966, "amount": 4.389e-05}
{"tid": 12143123, "date": 1635160480, "type": "buy", "price": 357777.76928, "amount": 0.00058983}
{"tid": 12143124, "date": 1635160480, "type": "buy", "price": 357777.76947, "amount": 0.02361047}
{"tid": 12143125, "date": 1635160481, "type": "buy", "price": 357777.76947, "amount": 0.01977026}
{"tid": 12143126, "date": 1635160512, "type": "sell", "price": 357777.76, "amount": 0.0005}
{"tid": 12143127, "date": 1635160513, "type": "sell", "price": 357777.76, "amount": 0.00014}
{"tid": 12143128, "date": 1635160525, "type": "buy", "price": 357777.77, "amount": 0.00018343}
{"tid": 12143129, "date": 1635160529, "type": "sell", "price": 357777.76, "amount": 0.00217015}
{"tid": 12143130, "date": 1635160529, "type": "sell", "price": 357777.76, "amount": 0.00075317}
{"tid": 12143131, "date": 1635160529, "type": "sell", "price": 357377.00117, "amount": 0.00307668}
{"tid": 12143132, "date": 1635160529, "type": "buy", "price": 357777.77, "amount": 0.00041936}
{"tid": 12143133, "date": 1635160541, "type": "buy", "price": 357777.77, "amount": 0.00013902}
{"tid": 12143134, "date": 1635160542, "type": "buy", "price": 357777.77, "amount": 8.706e-05}
{"tid": 12143135, "date": 1635160553, "type": "sell", "price": 357377.0017, "amount": 0.003}
{"tid": 12143136, "date": 1635160566, "type": "sell", "price": 357377.00191, "amount": 5.942e-05}
{"tid": 12143137, "date": 1635160567, "type": "buy", "price": 357777.77, "amount": 0.000559}
{"tid": 12143138, "date": 1635160570, "type": "buy", "price": 357777.77, "amount": 0.00394909}
{"tid": 12143139, "date": 1635160570, "type": "buy", "price": 357978.17, "amount": 0.00014314}
{"tid": 12143140, "date": 1635160570, "type": "buy", "price": 357998.99998, "amount": 0.00557511}
{"tid": 12143141, "date": 1635160579, "type": "buy", "price": 357998.99976, "amount": 0.04992128}
{"tid": 12143142, "date": 1635160584, "type": "sell", "price": 357377.00222, "amount": 0.0005}
{"tid": 12143143, "date": 1635160585, "type": "buy", "price": 357998.99963, "amount": 0.04705}
{"tid": 12143144, "date": 1635160585, "type": "buy", "price": 357998.99967, "amount": 0.03021958}
{"tid": 12143145, "date": 1635160585, "type": "buy", "price": 357998.99993, "amount": 0.01533257}
{"tid": 12143146, "date": 1635160594, "type": "sell", "price": 357377.00243, "amount": 0.0041}
{"tid": 12143147, "date": 1635160607, "type": "sell", "price": 357377.00269, "amount": 4.531e-05}
{"tid": 12143148, "date": 1635160614, "type": "buy", "price": 357998.9993, "amount": 0.0055866}
{"tid": 12143149, "date": 1635160615, "type": "buy", "price": 357998.9993, "amount": 0.00055866}
{"tid": 12143150, "date": 1635160621, "type": "buy", "price": 357998.9992, "amount": 0.00049985}
{"tid": 12143151, "date": 1635160621, "type": "buy", "price": 357998.9993, "amount": 0.00042576}
{"tid": 12143152, "date": 1635160622, "type": "sell", "price": 357377.00307, "amount": 0.00044724}
{"tid": 12143153, "date": 1635160625, "type": "buy", "price": 357998.99929, "amount": 6.983e-05}
{"tid": 12143154, "date": 1635160627, "type": "buy", "price": 357998.99929, "amount": 4.212e-05}
{"tid": 12143155, "date": 1635160628, "type": "buy", "price": 357998.99928, "amount": 0.00089385}
{"tid": 12143156, "date": 1635160634, "type": "buy", "price": 357998.99928, "amount": 0.00027933}
{"tid": 12143157, "date": 1635160640, "type": "buy", "price": 357998.99, "amount": 0.0008102}
{"tid": 12143158, "date": 1635160640, "type": "buy", "price": 357998.99928, "amount": 0.02548056}
{"tid": 12143159, "date": 1635160640, "type": "buy", "price": 357999, "amount": 0.00299193}
{"tid": 12143160, "date": 1635160640, "type": "buy", "price": 357999.99, "amount": 0.07042096}
{"tid": 12143161, "date": 1635160640, "type": "buy", "price": 358000, "amount": 0.00033653}
{"tid": 12143162, "date": 1635160640, "type": "buy", "price": 358000, "amount": 0.00149595}
{"tid": 12143163, "date": 1635160640, "type": "buy", "price": 358000, "amount": 6.317e-05}
{"tid": 12143164, "date": 1635160640, "type": "buy", "price": 358000, "amount": 0.00171037}
{"tid": 12143165, "date": 1635160640, "type": "buy", "price": 358000, "amount": 0.0043671}
{"tid": 12143166, "date": 1635160640, "type": "buy", "price": 358000, "amount": 0.04706974}
{"tid": 12143167, "date": 1635160640, "type": "buy", "price": 358000, "amount": 0.0700982}
{"tid": 12143168, "date": 1635160640, "type": "buy", "price": 358000, "amount": 0.00148242}
{"tid": 12143169, "date": 1635160640, "type": "buy", "price": 358000, "amount": 0.0002273}
{"tid": 12143170, "date": 1635160640, "type": "buy", "price": 358000, "amount": 0.0003976}
{"tid": 12143171, "date": 1635160640, "type": "buy", "price": 358000, "amount": 0.00199418}
{"tid": 12143172, "date": 1635160640, "type": "buy", "price": 358000, "amount": 0.000145}
{"tid": 12143173, "date": 1635160640, "type": "buy", "price": 358000, "amount": 0.014}
{"tid": 12143174, "date": 1635160640, "type": "buy", "price": 358000, "amount": 0.0005}
{"tid": 12143175, "date": 1635160640, "type": "buy", "price": 358000, "amount": 0.01504162}
{"tid": 12143176, "date": 1635160640, "type": "buy", "price": 358000, "amount": 0.00125888}
{"tid": 12143177, "date": 1635160640, "type": "buy", "price": 358000, "amount": 0.00025}
{"tid": 12143178, "date": 1635160640, "type": "buy", "price": 358000, "amount": 0.000543}
{"tid": 12143179, "date": 1635160640, "type": "buy", "price": 358000, "amount": 0.00597946}
{"tid": 12143180, "date": 1635160640, "type": "buy", "price": 358000, "amount": 0.00750425}
{"tid": 12143181, "date": 1635160642, "type": "sell", "price": 358000, "amount": 0.04850121}
{"tid": 12143182, "date": 1635160675, "type": "buy", "price": 358123, "amount": 0.00033508}
{"tid": 12143183, "date": 1635160689, "type": "buy", "price": 358123, "amount": 0.0005605}
{"tid": 12143184, "date": 1635160695, "type": "buy", "price": 358122.99999, "amount": 0.0030789}
{"tid": 12143185, "date": 1635160704, "type": "sell", "price": 357377.0049, "amount": 0.00363351}
{"tid": 12143186, "date": 1635160706, "type": "sell", "price": 357377.00498, "amount": 0.00028}
{"tid": 12143187, "date": 1635160709, "type": "buy", "price": 358122.99988, "amount": 0.00117278}
{"tid": 12143188, "date": 1635160715, "type": "sell", "price": 357377.00523, "amount": 0.00027581}
{"tid": 12143189, "date": 1635160716, "type": "buy", "price": 358122.99966, "amount": 5.953e-05}
{"tid": 12143190, "date": 1635160717, "type": "buy", "price": 358122.99956, "amount": 0.00027992}
{"tid": 12143191, "date": 1635160717, "type": "buy", "price": 358122.99975, "amount": 0.00363278}
{"tid": 12143192, "date": 1635160717, "type": "buy", "price": 358122.99987, "amount": 0.01061987}
{"tid": 12143193, "date": 1635160719, "type": "sell", "price": 357377.00533, "amount": 0.0014}
{"tid": 12143194, "date": 1635160719, "type": "sell", "price": 357377.00524, "amount": 0.0135}
{"tid": 12143195, "date": 1635160724, "type": "buy", "price": 358123, "amount": 0.00031413}
{"tid": 12143196, "date": 1635160729, "type": "sell", "price": 358122.99, "amount": 3.479e-05}
{"tid": 12143197, "date": 1635160729, "type": "sell", "price": 358122.99, "amount": 0.00019488}
{"tid": 12143198, "date": 1635160729, "type": "buy", "price": 358122.99952, "amount": 0.00027575}
{"tid": 12143199, "date": 1635160729, "type": "buy", "price": 358122.99954, "amount": 0.01431469}
{"tid": 12143200, "date": 1635160734, "type": "buy", "price": 358122.99999, "amount": 0.0025131}
{"tid": 12143201, "date": 1635160743, "type": "sell", "price": 358122.99, "amount": 0.00014014}
{"tid": 12143202, "date": 1635160743, "type": "sell", "price": 357377.00533, "amount": 0.00125986}
{"tid": 12143203, "date": 1635160750, "type": "sell", "price": 357377.00552, "amount": 2.844e-05}
{"tid": 12143204, "date": 1635160752, "type": "sell", "price": 357377.00557, "amount": 0.0001517}
{"tid": 12143205, "date": 1635160765, "type": "buy", "price": 358122.99967, "amount": 0.00034904}
{"tid": 12143206, "date": 1635160769, "type": "buy", "price": 358122.99967, "amount": 3.071e-05}
{"tid": 12143207, "date": 1635160782, "type": "buy", "price": 358122.99945, "amount": 0.00101984}
{"tid": 12143208, "date": 1635160782, "type": "buy", "price": 358122.99999, "amount": 0.01294184}
{"tid": 12143209, "date": 1635160795, "type": "buy", "price": 358122.99944, "amount": 0.00421115}
{"tid": 12143210, "date": 1635160797, "type": "buy", "price": 358122.99944, "amount": 0.00269457}
{"tid": 12143211, "date": 1635160821, "type": "buy", "price": 358122.99944, "amount": 0.00034904}
{"tid": 12143212, "date": 1635160828, "type": "buy", "price": 358122.99944, "amount": 0.00090421}
{"tid": 12143213, "date": 1635160836, "type": "sell", "price": 357899, "amount": 5.319e-05}
{"tid": 12143214, "date": 1635160837, "type": "buy", "price": 358122.99944, "amount": 2.792e-05}
{"tid": 12143215, "date": 1635160838, "type": "buy", "price": 358122.99944, "amount": 0.00023695}
{"tid": 12143216, "date": 1635160840, "type": "buy", "price": 358122.99944, "amount": 0.00027923}
{"tid": 12143217, "date": 1635160852, "type": "sell", "price": 357899, "amount": 0.0005155}
{"tid": 12143218, "date": 1635160853, "type": "buy", "price": 358122.99998, "amount": 0.00354074}
{"tid": 12143219, "date": 1635160853, "type": "buy", "price": 358122.99999, "amount": 0.06231037}
{"tid": 12143220, "date": 1635160863, "type": "buy", "price": 358122.99999, "amount": 0.00027923}
{"tid": 12143221, "date": 1635160877, "type": "sell", "price": 358122.99, "amount": 6.897e-05}
{"tid": 12143222, "date": 1635160891, "type": "sell", "price": 358122.99, "amount": 0.0208695}
{"tid": 12143223, "date": 1635160893, "type": "sell", "price": 358122.99, "amount": 0.0019}
{"tid": 12143224, "date": 1635160896, "type": "buy", "price": 358122.99999, "amount": 0.00480376}
{"tid": 12143225, "date": 1635160897, "type": "buy", "price": 358122.99999, "amount": 0.00195463}
{"tid": 12143226, "date": 1635160901, "type": "buy", "price": 358122.99999, "amount": 5.584e-05}
{"tid": 12143227, "date": 1635160909, "type": "sell", "price": 358122.99, "amount": 0.00057738}
{"tid": 12143228, "date": 1635160923, "type": "sell", "price": 358122.99001, "amount": 0.00015416}
{"tid": 12143229, "date": 1635160930, "type": "sell", "price": 358122.99002, "amount": 4.207e-05}
{"tid": 12143230, "date": 1635160938, "type": "buy", "price": 358123, "amount": 5.055e-05}
{"tid": 12143231, "date": 1635160943, "type": "buy", "price": 358123, "amount": 0.00027923}
{"tid": 12143232, "date": 1635160944, "type": "buy", "price": 358123, "amount": 0.00032326}
{"tid": 12143233, "date": 1635160954, "type": "buy", "price": 358123, "amount": 0.02513105}
{"tid": 12143234, "date": 1635160957, "type": "buy", "price": 358123, "amount": 3.736e-05}
{"tid": 12143235, "date": 1635160960, "type": "sell", "price": 358122.99008, "amount": 0.00056723}
{"tid": 12143236, "date": 1635160964, "type": "sell", "price": 358122.99008, "amount": 0.056}
{"tid": 12143237, "date": 1635160964, "type": "buy", "price": 358123, "amount": 0.00279788}
{"tid": 12143238, "date": 1635160964, "type": "buy", "price": 358123, "amount": 0.00533163}
{"tid": 12143239, "date": 1635160969, "type": "buy", "price": 358123, "amount": 0.00090859}
{"tid": 12143240, "date": 1635160984, "type": "buy", "price": 358123, "amount": 0.00027923}
{"tid": 12143241, "date": 1635160990, "type": "buy", "price": 358123, "amount": 0.00085358}
{"tid": 12143242, "date": 1635160999, "type": "buy", "price": 358123, "amount": 0.00142814}
{"tid": 12143243, "date": 1635161000, "type": "sell", "price": 358122.99031, "amount": 0.00104029}
{"tid": 12143244, "date": 1635161005, "type": "buy", "price": 358123, "amount": 2.457e-05}
{"tid": 12143245, "date": 1635161009, "type": "buy", "price": 358123, "amount": 0.00374522}
{"tid": 12143246, "date": 1635161009, "type": "buy", "price": 358123, "amount": 0.00163584}
{"tid": 12143247, "date": 1635161009, "type": "buy", "price": 358200, "amount": 0.00181407}
{"tid": 12143248, "date": 1635161009, "type": "buy", "price": 358400, "amount": 0.00079207}
{"tid": 12143249, "date": 1635161010, "type": "buy", "price": 358400, "amount": 0.00128709}
{"tid": 12143250, "date": 1635161010, "type": "buy", "price": 358500, "amount": 0.00018624}
{"tid": 12143251, "date": 1635161010, "type": "buy", "price": 358500, "amount": 0.0026125}
{"tid": 12143252, "date": 1635161010, "type": "buy", "price": 358500, "amount": 0.003988}
{"tid": 12143253, "date": 1635161010, "type": "buy", "price": 358500, "amount": 0.00065}
{"tid": 12143254, "date": 1635161010, "type": "buy", "price": 358650, "amount": 0.00029419}
{"tid": 12143255, "date": 1635161010, "type": "buy", "price": 358679.99999, "amount": 0.00104009}
{"tid": 12143256, "date": 1635161010, "type": "buy", "price": 358680, "amount": 0.02202854}
{"tid": 12143257, "date": 1635161010, "type": "buy", "price": 358780, "amount": 2e-05}
{"tid": 12143258, "date": 1635161010, "type": "buy", "price": 358800, "amount": 0.05586592}
{"tid": 12143259, "date": 1635161010, "type": "buy", "price": 358900, "amount": 0.01}
{"tid": 12143260, "date": 1635161010, "type": "buy", "price": 358957, "amount": 0.00369461}
{"tid": 12143261, "date": 1635161010, "type": "buy", "price": 358999.99, "amount": 2.822e-05}
{"tid": 12143262, "date": 1635161010, "type": "buy", "price": 358999.9999, "amount": 0.00084693}
{"tid": 12143263, "date": 1635161010, "type": "buy", "price": 359000, "amount": 0.0005771}
{"tid": 12143264, "date": 1635161010, "type": "buy", "price": 359000, "amount": 0.00456013}
{"tid": 12143265, "date": 1635161010, "type": "buy", "price": 359000, "amount": 0.02853621}
{"tid": 12143266, "date": 1635161010, "type": "buy", "price": 359000, "amount": 0.00309938}
{"tid": 12143267, "date": 1635161010, "type": "buy", "price": 359000, "amount": 0.00199461}
{"tid": 12143268, "date": 1635161010, "type": "buy", "price": 359000, "amount": 0.00057017}
{"tid": 12143269, "date": 1635161010, "type": "buy", "price": 359000, "amount": 0.035}
{"tid": 12143270, "date": 1635161010, "type": "buy", "price": 359000, "amount": 0.00010533}
{"tid": 12143271, "date": 1635161010, "type": "buy", "price": 359000, "amount": 0.00951932}
{"tid": 12143272, "date": 1635161010, "type": "buy", "price": 359000, "amount": 0.00056752}
{"tid": 12143273, "date": 1635161010, "type": "buy", "price": 359053.97, "amount": 0.00106883}
{"tid": 12143274, "date": 1635161010, "type": "buy", "price": 359104.16, "amount": 0.00950492}
{"tid": 12143275, "date": 1635161010, "type": "buy", "price": 359132.69, "amount": 0.0001}
{"tid": 12143276, "date": 1635161010, "type": "buy", "price": 359309.99, "amount": 0.00082618}
{"tid": 12143277, "date": 1635161010, "type": "buy", "price": 359350, "amount": 0.00014013}
{"tid": 12143278, "date": 1635161010, "type": "buy", "price": 359709.42997, "amount": 0.0797457}
{"tid": 12143279, "date": 1635161016, "type": "buy", "price": 359309.98999, "amount": 0.04513361}
{"tid": 12143280, "date": 1635161027, "type": "buy", "price": 359309.98998, "amount": 2.783e-05}
{"tid": 12143281, "date": 1635161031, "type": "sell", "price": 358452.00036, "amount": 7.042e-05}
{"tid": 12143282, "date": 1635161033, "type": "sell", "price": 358452.00037, "amount": 0.0002774}
{"tid": 12143283, "date": 1635161033, "type": "buy", "price": 359309.98997, "amount": 0.02036776}
{"tid": 12143284, "date": 1635161037, "type": "buy", "price": 359309.98997, "amount": 0.00046369}
{"tid": 12143285, "date": 1635161041, "type": "sell", "price": 358453.00025, "amount": 0.00612065}
{"tid": 12143286, "date": 1635161044, "type": "buy", "price": 359709.42993, "amount": 7.042e-05}
{"tid": 12143287, "date": 1635161044, "type": "buy", "price": 359709.43, "amount": 0.00076175}
{"tid": 12143288, "date": 1635161054, "type": "buy", "price": 359709.42995, "amount": 0.00408112}
{"tid": 12143289, "date": 1635161062, "type": "sell", "price": 358453.0009, "amount": 0.00170101}
{"tid": 12143290, "date": 1635161066, "type": "buy", "price": 359709.42994, "amount": 0.00138183}
{"tid": 12143291, "date": 1635161074, "type": "buy", "price": 359310, "amount": 0.002}
{"tid": 12143292, "date": 1635161074, "type": "buy", "price": 359709.42994, "amount": 8.723e-05}
{"tid": 12143293, "date": 1635161080, "type": "sell", "price": 358453.00167, "amount": 0.00516818}
{"tid": 12143294, "date": 1635161084, "type": "buy", "price": 359709.42994, "amount": 0.00048686}
{"tid": 12143295, "date": 1635161087, "type": "buy", "price": 359709.42994, "amount": 0.00027941}
{"tid": 12143296, "date": 1635161104, "type": "sell", "price": 358453.00259, "amount": 0.0001527}
{"tid": 12143297, "date": 1635161104, "type": "buy", "price": 359709.42994, "amount": 0.00040735}
{"tid": 12143298, "date": 1635161106, "type": "buy", "price": 359709.42994, "amount": 0.000417}
{"tid": 12143299, "date": 1635161108, "type": "buy", "price": 359709.42994, "amount": 0.00305975}
{"tid": 12143300, "date": 1635161108, "type": "buy", "price": 359709.43, "amount": 0.00348378}
{"tid": 12143301, "date": 1635161108, "type": "buy", "price": 359753.99995, "amount": 0.0256543}
{"tid": 12143302, "date": 1635161117, "type": "buy", "price": 359753.99994, "amount": 7.102e-05}
{"tid": 12143303, "date": 1635161119, "type": "sell", "price": 358453.0032, "amount": 0.00025732}
{"tid": 12143304, "date": 1635161123, "type": "sell", "price": 358645.00007, "amount": 6.97e-05}
{"tid": 12143305, "date": 1635161125, "type": "sell", "price": 358645.00012, "amount": 0.035}
{"tid": 12143306, "date": 1635161126, "type": "sell", "price": 359753.99, "amount": 0.01402}
{"tid": 12143307, "date": 1635161127, "type": "buy", "price": 359753.99001, "amount": 0.00208475}
{"tid": 12143308, "date": 1635161130, "type": "sell", "price": 359753.99, "amount": 0.00062933}
{"tid": 12143309, "date": 1635161139, "type": "buy", "price": 359753.99994, "amount": 0.00303504}
{"tid": 12143310, "date": 1635161147, "type": "sell", "price": 359753.99, "amount": 0.00083602}
{"tid": 12143311, "date": 1635161148, "type": "buy", "price": 359753.99994, "amount": 0.00138983}
{"tid": 12143312, "date": 1635161148, "type": "buy", "price": 359753.99994, "amount": 0.00069491}
{"tid": 12143313, "date": 1635161149, "type": "sell", "price": 359753.99, "amount": 0.00050607}
{"tid": 12143314, "date": 1635161149, "type": "sell", "price": 359753.98, "amount": 0.00229393}
{"tid": 12143315, "date": 1635161151, "type": "sell", "price": 359753.98, "amount": 4.912e-05}
{"tid": 12143316, "date": 1635161152, "type": "buy", "price": 359753.99992, "amount": 6.97e-05}
{"tid": 12143317, "date": 1635161152, "type": "buy", "price": 359814, "amount": 6.927e-05}
{"tid": 12143318, "date": 1635161167, "type": "buy", "price": 359813.99999, "amount": 0.00167286}
{"tid": 12143319, "date": 1635161174, "type": "sell", "price": 359753.98, "amount": 0.00024416}
{"tid": 12143320, "date": 1635161174, "type": "sell", "price": 358645.2804, "amount": 0.00281384}
{"tid": 12143321, "date": 1635161179, "type": "buy", "price": 359814, "amount": 0.00013226}
{"tid": 12143322, "date": 1635161179, "type": "buy", "price": 359832.91, "amount": 0.0001}
{"tid": 12143323, "date": 1635161179, "type": "buy", "price": 359851.02998, "amount": 0.00281327}
{"tid": 12143324, "date": 1635161179, "type": "buy", "price": 359851.03, "amount": 0.0024925}
{"tid": 12143325, "date": 1635161179, "type": "buy", "price": 359854.78, "amount": 0.00424727}
{"tid": 12143326, "date": 1635161188, "type": "buy", "price": 359814, "amount": 0.00053797}
{"tid": 12143327, "date": 1635161190, "type": "buy", "price": 359814, "amount": 0.00281562}
{"tid": 12143328, "date": 1635161191, "type": "sell", "price": 359700, "amount": 0.00079823}
{"tid": 12143329, "date": 1635161191, "type": "buy", "price": 359814, "amount": 0.00032891}
{"tid": 12143330, "date": 1635161194, "type": "sell", "price": 359700, "amount": 4.924e-05}
{"tid": 12143331, "date": 1635161196, "type": "buy", "price": 359814, "amount": 1.75e-05}
{"tid": 12143332, "date": 1635161196, "type": "buy", "price": 359854.77999, "amount": 0.00012144}
{"tid": 12143333, "date": 1635161200, "type": "sell", "price": 359700, "amount": 0.00013867}
{"tid": 12143334, "date": 1635161219, "type": "buy", "price": 359814, "amount": 3.237e-05}
{"tid": 12143335, "date": 1635161231, "type": "buy", "price": 359814, "amount": 0.00055284}
{"tid": 12143336, "date": 1635161231, "type": "buy", "price": 359854.77999, "amount": 0.00173895}
{"tid": 12143337, "date": 1635161236, "type": "sell", "price": 359700, "amount": 0.06851755}
{"tid": 12143338, "date": 1635161236, "type": "sell", "price": 359000.00001, "amount": 0.00116866}
{"tid": 12143339, "date": 1635161239, "type": "buy", "price": 359854.78, "amount": 2.778e-05}
{"tid": 12143340, "date": 1635161248, "type": "sell", "price": 359000.00022, "amount": 0.00139}
{"tid": 12143341, "date": 1635161248, "type": "sell", "price": 359000.00017, "amount": 0.00165773}
{"tid": 12143342, "date": 1635161252, "type": "sell", "price": 359000.00025, "amount": 0.0048}
{"tid": 12143343, "date": 1635161256, "type": "sell", "price": 359000.00027, "amount": 0.00020194}
{"tid": 12143344, "date": 1635161257, "type": "buy", "price": 359854.77988, "amount": 0.00116843}
{"tid": 12143345, "date": 1635161257, "type": "buy", "price": 359854.78, "amount": 0.00022101}
{"tid": 12143346, "date": 1635161267, "type": "buy", "price": 359854.77978, "amount": 0.00027788}
{"tid": 12143347, "date": 1635161279, "type": "buy", "price": 359854.77978, "amount": 0.00111171}
{"tid": 12143348, "date": 1635161279, "type": "buy", "price": 359854.78, "amount": 0.00119624}
{"tid": 12143349, "date": 1635161296, "type": "sell", "price": 359700, "amount": 6.133e-05}
{"tid": 12143350, "date": 1635161298, "type": "buy", "price": 359854.77999, "amount": 0.00013894}
{"tid": 12143351, "date": 1635161300, "type": "buy", "price": 359854.77999, "amount": 0.00194522}
{"tid": 12143352, "date": 1635161306, "type": "buy", "price": 359854.77999, "amount": 0.00156824}
{"tid": 12143353, "date": 1635161310, "type": "sell", "price": 359700, "amount": 0.00111524}
{"tid": 12143354, "date": 1635161315, "type": "buy", "price": 359854.77999, "amount": 0.00040827}
{"tid": 12143355, "date": 1635161320, "type": "buy", "price": 359854.77999, "amount": 2.778e-05}
{"tid": 12143356, "date": 1635161323, "type": "buy", "price": 359854.77999, "amount": 0.35848519}
{"tid": 12143357, "date": 1635161330, "type": "buy", "price": 359854.77, "amount": 0.00037993}
{"tid": 12143358, "date": 1635161333, "type": "sell", "price": 359854.77, "amount": 0.00024}
{"tid": 12143359, "date": 1635161336, "type": "sell", "price": 359854.77, "amount": 0.00025399}
{"tid": 12143360, "date": 1635161339, "type": "sell", "price": 359854.77, "amount": 0.00075092}
{"tid": 12143361, "date": 1635161340, "type": "buy", "price": 359854.77999, "amount": 0.00019452}
{"tid": 12143362, "date": 1635161357, "type": "buy", "price": 359854.78, "amount": 0.0082455}
{"tid": 12143363, "date": 1635161358, "type": "sell", "price": 359854.77, "amount": 0.00526047}
{"tid": 12143364, "date": 1635161362, "type": "buy", "price": 359854.77999, "amount": 0.00555779}
{"tid": 12143365, "date": 1635161363, "type": "buy", "price": 359854.77999, "amount": 0.03070355}
{"tid": 12143366, "date": 1635161374, "type": "sell", "price": 359854.77, "amount": 0.00020083}
{"tid": 12143367, "date": 1635161387, "type": "buy", "price": 359854.77999, "amount": 0.00674372}
{"tid": 12143368, "date": 1635161392, "type": "sell", "price": 359854.77, "amount": 0.00054919}
{"tid": 12143369, "date": 1635161392, "type": "sell", "price": 359700, "amount": 0.00351183}
{"tid": 12143370, "date": 1635161392, "type": "sell", "price": 359700, "amount": 0.00010898}
{"tid": 12143371, "date": 1635161397, "type": "sell", "price": 359700, "amount": 0.0001}
{"tid": 12143372, "date": 1635161408, "type": "buy", "price": 359854.77, "amount": 6.613e-05}
{"tid": 12143373, "date": 1635161412, "type": "sell", "price": 359700, "amount": 3.992e-05}
{"tid": 12143374, "date": 1635161413, "type": "buy", "price": 359854.77, "amount": 0.00524292}
{"tid": 12143375, "date": 1635161413, "type": "buy", "price": 359854.77999, "amount": 0.10591303}
{"tid": 12143376, "date": 1635161414, "type": "sell", "price": 359700, "amount": 0.00055941}
{"tid": 12143377, "date": 1635161419, "type": "sell", "price": 359700, "amount": 0.00055243}
{"tid": 12143378, "date": 1635161422, "type": "buy", "price": 359854.77999, "amount": 2.778e-05}
{"tid": 12143379, "date": 1635161428, "type": "sell", "price": 359700, "amount": 0.00141935}
{"tid": 12143380, "date": 1635161428, "type": "sell", "price": 359700, "amount": 0.0001509}
{"tid": 12143381, "date": 1635161428, "type": "sell", "price": 359300.00001, "amount": 0.00115314}
{"tid": 12143382, "date": 1635161432, "type": "sell", "price": 359300.00001, "amount": 0.002}
{"tid": 12143383, "date": 1635161458, "type": "sell", "price": 359300.00047, "amount": 9e-05}
{"tid": 12143384, "date": 1635161461, "type": "sell", "price": 359854.77, "amount": 0.02803}
{"tid": 12143385, "date": 1635161462, "type": "buy", "price": 359854.77996, "amount": 0.00027499}
{"tid": 12143386, "date": 1635161462, "type": "sell", "price": 359854.77, "amount": 0.0014}
{"tid": 12143387, "date": 1635161468, "type": "buy", "price": 359854.77996, "amount": 3.962e-05}
{"tid": 12143388, "date": 1635161470, "type": "buy", "price": 359854.77996, "amount": 2.778e-05}
{"tid": 12143389, "date": 1635161486, "type": "sell", "price": 359854.77, "amount": 0.00051358}
{"tid": 12143390, "date": 1635161488, "type": "sell", "price": 359854.77, "amount": 0.01205642}
{"tid": 12143391, "date": 1635161488, "type": "sell", "price": 359077.00001, "amount": 0.00615241}
{"tid": 12143392, "date": 1635161489, "type": "sell", "price": 359077.00001, "amount": 0.00017}
{"tid": 12143393, "date": 1635161490, "type": "sell", "price": 359077.00006, "amount": 0.00118297}
{"tid": 12143394, "date": 1635161505, "type": "buy", "price": 359854.77988, "amount": 0.03117574}
{"tid": 12143395, "date": 1635161513, "type": "buy", "price": 359854.77982, "amount": 0.00295257}
{"tid": 12143396, "date": 1635161518, "type": "sell", "price": 359077.00066, "amount": 0.03}
{"tid": 12143397, "date": 1635161520, "type": "sell", "price": 359077.00066, "amount": 0.00029001}
{"tid": 12143398, "date": 1635161521, "type": "sell", "price": 359077.00066, "amount": 0.00022504}
{"tid": 12143399, "date": 1635161521, "type": "buy", "price": 359854.76997, "amount": 0.00024857}
{"tid": 12143400, "date": 1635161527, "type": "buy", "price": 359854.76995, "amount": 0.00084331}
{"tid": 12143401, "date": 1635161528, "type": "buy", "price": 359854.76993, "amount": 0.00416834}
{"tid": 12143402, "date": 1635161530, "type": "sell", "price": 359077.00098, "amount": 0.00048608}
{"tid": 12143403, "date": 1635161537, "type": "buy", "price": 359854.76971, "amount": 0.01128966}
{"tid": 12143404, "date": 1635161541, "type": "buy", "price": 359854.75997, "amount": 8.998e-05}
{"tid": 12143405, "date": 1635161541, "type": "buy", "price": 359854.75998, "amount": 0.00097369}
{"tid": 12143406, "date": 1635161546, "type": "buy", "price": 359854.75977, "amount": 0.00013894}
